<?xml version="1.0" encoding="UTF-8"?>
<!DOCTYPE html PUBLIC "-//W3C//DTD XHTML 1.0 Transitional//EN"
    "http://www.w3.org/TR/xhtml1/DTD/xhtml1-transitional.dtd">
<html xmlns="http://www.w3.org/1999/xhtml" xml:lang="en" lang="en">
 <head>
  <title>
</title>
<meta http-equiv="Content-Type" content="text/html;charset=utf-8" />
  <meta name='ocr-system' content='tesseract 3.04.00' />
  <meta name='ocr-capabilities' content='ocr_page ocr_carea ocr_par ocr_line ocrx_word'/>
</head>
<body>
  <div class='ocr_page' id='page_1' title='image "./carmina00virguoft_0221.png"; bbox 0 0 1660 2847; ppageno 0'>
   <div class='ocr_carea' id='block_1_1' title="bbox 552 130 1447 174">
    <p class='ocr_par' dir='ltr' id='par_1_1' title="bbox 552 130 1447 174">
     <span class='ocr_line' id='line_1_1' title="bbox 552 130 1447 174; baseline -0.002 -1"><span class='ocrx_word' id='word_1_1' title='bbox 552 137 803 174; x_wconf 87' lang='lat' dir='ltr'>AENEIDOS</span> <span class='ocrx_word' id='word_1_2' title='bbox 827 138 922 173; x_wconf 85' lang='lat' dir='ltr'>LIB.</span> <span class='ocrx_word' id='word_1_3' title='bbox 948 138 1012 174; x_wconf 84' lang='lat' dir='ltr'>IV.</span> <span class='ocrx_word' id='word_1_4' title='bbox 1368 130 1447 172; x_wconf 75' lang='lat'>157</span> 
     </span>
    </p>
   </div>
   <div class='ocr_carea' id='block_1_2' title="bbox 99 240 1541 2660">
    <p class='ocr_par' dir='ltr' id='par_1_2' title="bbox 99 240 1541 2660">
     <span class='ocr_line' id='line_1_2' title="bbox 106 240 1177 298; baseline -0.001 -14"><span class='ocrx_word' id='word_1_5' title='bbox 106 242 223 298; x_wconf 84' lang='lat' dir='ltr'>orgia</span> <span class='ocrx_word' id='word_1_6' title='bbox 247 249 560 296; x_wconf 86' lang='lat' dir='ltr'>nocturnusque</span> <span class='ocrx_word' id='word_1_7' title='bbox 585 248 708 283; x_wconf 85' lang='lat' dir='ltr'>vocat</span> <span class='ocrx_word' id='word_1_8' title='bbox 732 242 910 283; x_wconf 87' lang='lat' dir='ltr'>clamore</span> <span class='ocrx_word' id='word_1_9' title='bbox 938 240 1177 283; x_wconf 83' lang='lat' dir='ltr'><strong>Cithaeron.</strong></span> 
     </span>
     <span class='ocr_line' id='line_1_3' title="bbox 107 304 1156 358; baseline -0.002 -12"><span class='ocrx_word' id='word_1_10' title='bbox 107 305 274 346; x_wconf 83' lang='lat' dir='ltr'>tandem</span> <span class='ocrx_word' id='word_1_11' title='bbox 298 305 360 345; x_wconf 89' lang='lat' dir='ltr'>his</span> <span class='ocrx_word' id='word_1_12' title='bbox 384 305 561 345; x_wconf 81' lang='lat' dir='ltr'><strong>Aenean</strong></span> <span class='ocrx_word' id='word_1_13' title='bbox 587 304 809 358; x_wconf 81' lang='lat' dir='ltr'>compellat</span> <span class='ocrx_word' id='word_1_14' title='bbox 832 304 1005 344; x_wconf 90' lang='lat' dir='ltr'>vocibus</span> <span class='ocrx_word' id='word_1_15' title='bbox 1030 304 1156 345; x_wconf 86' lang='lat' dir='ltr'>ultro:</span> 
     </span>
     <span class='ocr_line' id='line_1_4' title="bbox 163 365 1539 420; baseline 0.001 -13"><span class='ocrx_word' id='word_1_16' title='bbox 163 366 457 407; x_wconf 87' lang='lat' dir='ltr'>‘Dissimulare</span> <span class='ocrx_word' id='word_1_17' title='bbox 482 365 606 406; x_wconf 87' lang='lat' dir='ltr'>etiam</span> <span class='ocrx_word' id='word_1_18' title='bbox 632 365 820 420; x_wconf 83' lang='lat' dir='ltr'>sperasti,</span> <span class='ocrx_word' id='word_1_19' title='bbox 845 365 1015 419; x_wconf 88' lang='lat' dir='ltr'>perfide,</span> <span class='ocrx_word' id='word_1_20' title='bbox 1041 373 1203 407; x_wconf 82' lang='lat' dir='ltr'>tantum</span> <span class='ocrx_word' id='word_1_21' title='bbox 1476 378 1539 408; x_wconf 85' lang='lat'>305</span> 
     </span>
     <span class='ocr_line' id='line_1_5' title="bbox 105 427 1128 483; baseline -0.001 -13"><span class='ocrx_word' id='word_1_22' title='bbox 105 443 227 483; x_wconf 87' lang='lat' dir='ltr'>posse</span> <span class='ocrx_word' id='word_1_23' title='bbox 251 428 368 470; x_wconf 88' lang='lat' dir='ltr'>nefas</span> <span class='ocrx_word' id='word_1_24' title='bbox 393 427 626 480; x_wconf 86' lang='lat' dir='ltr'>tacitusque</span> <span class='ocrx_word' id='word_1_25' title='bbox 650 442 744 469; x_wconf 88' lang='lat' dir='ltr'>mea</span> <span class='ocrx_word' id='word_1_26' title='bbox 768 427 969 468; x_wconf 81' lang='lat' dir='ltr'>decedere</span> <span class='ocrx_word' id='word_1_27' title='bbox 994 430 1128 469; x_wconf 84' lang='lat' dir='ltr'>terra?</span> 
     </span>
     <span class='ocr_line' id='line_1_6' title="bbox 104 489 1264 543; baseline -0.001 -11"><span class='ocrx_word' id='word_1_28' title='bbox 104 505 181 532; x_wconf 89' lang='lat' dir='ltr'>nec</span> <span class='ocrx_word' id='word_1_29' title='bbox 206 497 245 532; x_wconf 87' lang='lat' dir='ltr'>te</span> <span class='ocrx_word' id='word_1_30' title='bbox 269 497 407 531; x_wconf 90' lang='lat' dir='ltr'>noster</span> <span class='ocrx_word' id='word_1_31' title='bbox 431 503 547 530; x_wconf 89' lang='lat' dir='ltr'>amor</span> <span class='ocrx_word' id='word_1_32' title='bbox 570 503 648 531; x_wconf 90' lang='lat' dir='ltr'>nec</span> <span class='ocrx_word' id='word_1_33' title='bbox 672 496 712 531; x_wconf 88' lang='lat' dir='ltr'>te</span> <span class='ocrx_word' id='word_1_34' title='bbox 738 489 834 530; x_wconf 88' lang='lat' dir='ltr'>data</span> <span class='ocrx_word' id='word_1_35' title='bbox 858 489 1030 530; x_wconf 86' lang='lat' dir='ltr'>dextera</span> <span class='ocrx_word' id='word_1_36' title='bbox 1054 489 1264 543; x_wconf 88' lang='lat' dir='ltr'>quondam</span> 
     </span>
     <span class='ocr_line' id='line_1_7' title="bbox 103 551 1051 594; baseline -0.002 -1"><span class='ocrx_word' id='word_1_37' title='bbox 103 567 182 594; x_wconf 92' lang='lat' dir='ltr'>nec</span> <span class='ocrx_word' id='word_1_38' title='bbox 204 551 402 592; x_wconf 88' lang='lat' dir='ltr'>moritura</span> <span class='ocrx_word' id='word_1_39' title='bbox 426 558 540 592; x_wconf 83' lang='lat' dir='ltr'>tenet</span> <span class='ocrx_word' id='word_1_40' title='bbox 563 551 719 592; x_wconf 88' lang='lat' dir='ltr'>crudeli</span> <span class='ocrx_word' id='word_1_41' title='bbox 743 551 888 592; x_wconf 88' lang='lat' dir='ltr'>funere</span> <span class='ocrx_word' id='word_1_42' title='bbox 912 551 1051 591; x_wconf 78' lang='lat' dir='ltr'>Dido?</span> 
     </span>
     <span class='ocr_line' id='line_1_8' title="bbox 106 613 1090 668; baseline -0.001 -13"><span class='ocrx_word' id='word_1_43' title='bbox 106 614 205 668; x_wconf 90' lang='lat' dir='ltr'>quin</span> <span class='ocrx_word' id='word_1_44' title='bbox 230 614 353 655; x_wconf 86' lang='lat' dir='ltr'>etiam</span> <span class='ocrx_word' id='word_1_45' title='bbox 377 613 549 654; x_wconf 90' lang='lat' dir='ltr'>hiberno</span> <span class='ocrx_word' id='word_1_46' title='bbox 574 613 730 654; x_wconf 88' lang='lat' dir='ltr'>moliris</span> <span class='ocrx_word' id='word_1_47' title='bbox 756 613 889 654; x_wconf 84' lang='lat' dir='ltr'>sidere</span> <span class='ocrx_word' id='word_1_48' title='bbox 915 613 1090 654; x_wconf 85' lang='lat' dir='ltr'>classem</span> 
     </span>
     <span class='ocr_line' id='line_1_9' title="bbox 106 675 1541 730; baseline 0.002 -14"><span class='ocrx_word' id='word_1_49' title='bbox 106 684 147 717; x_wconf 84' lang='lat' dir='ltr'>et</span> <span class='ocrx_word' id='word_1_50' title='bbox 169 676 313 717; x_wconf 89' lang='lat' dir='ltr'>mediis</span> <span class='ocrx_word' id='word_1_51' title='bbox 337 690 535 730; x_wconf 88' lang='lat' dir='ltr'>properas</span> <span class='ocrx_word' id='word_1_52' title='bbox 561 675 825 729; x_wconf 83' lang='lat' dir='ltr'>aquilonibus</span> <span class='ocrx_word' id='word_1_53' title='bbox 849 675 908 716; x_wconf 87' lang='lat' dir='ltr'>ire</span> <span class='ocrx_word' id='word_1_54' title='bbox 932 690 1007 730; x_wconf 90' lang='lat' dir='ltr'>per</span> <span class='ocrx_word' id='word_1_55' title='bbox 1031 676 1174 725; x_wconf 88' lang='lat' dir='ltr'>altum,</span> <span class='ocrx_word' id='word_1_56' title='bbox 1477 689 1541 720; x_wconf 87' lang='lat'>310</span> 
     </span>
     <span class='ocr_line' id='line_1_10' title="bbox 105 737 1158 791; baseline 0 -12"><span class='ocrx_word' id='word_1_57' title='bbox 105 738 306 779; x_wconf 87' lang='lat' dir='ltr'>crudelis?</span> <span class='ocrx_word' id='word_1_58' title='bbox 330 738 454 791; x_wconf 83' lang='lat' dir='ltr'>quid?</span> <span class='ocrx_word' id='word_1_59' title='bbox 480 738 515 779; x_wconf 90' lang='lat' dir='ltr'>si</span> <span class='ocrx_word' id='word_1_60' title='bbox 538 752 622 778; x_wconf 92' lang='lat' dir='ltr'>non</span> <span class='ocrx_word' id='word_1_61' title='bbox 647 753 746 778; x_wconf 89' lang='lat' dir='ltr'>arva</span> <span class='ocrx_word' id='word_1_62' title='bbox 771 737 906 778; x_wconf 87' lang='lat' dir='ltr'>aliena</span> <span class='ocrx_word' id='word_1_63' title='bbox 931 738 1158 791; x_wconf 90' lang='lat' dir='ltr'>domosque</span> 
     </span>
     <span class='ocr_line' id='line_1_11' title="bbox 103 799 1084 855; baseline 0 -15"><span class='ocrx_word' id='word_1_64' title='bbox 103 799 266 854; x_wconf 85' lang='lat' dir='ltr'>ignotas</span> <span class='ocrx_word' id='word_1_65' title='bbox 290 807 450 855; x_wconf 81' lang='lat' dir='ltr'>peteres</span> <span class='ocrx_word' id='word_1_66' title='bbox 476 807 517 841; x_wconf 90' lang='lat' dir='ltr'>et</span> <span class='ocrx_word' id='word_1_67' title='bbox 541 799 667 841; x_wconf 87' lang='lat' dir='ltr'>Troia</span> <span class='ocrx_word' id='word_1_68' title='bbox 692 799 862 853; x_wconf 83' lang='lat' dir='ltr'>antiqua</span> <span class='ocrx_word' id='word_1_69' title='bbox 886 807 1084 849; x_wconf 85' lang='lat' dir='ltr'>maneret,</span> 
     </span>
     <span class='ocr_line' id='line_1_12' title="bbox 103 861 1226 917; baseline 0.001 -15"><span class='ocrx_word' id='word_1_70' title='bbox 103 861 230 903; x_wconf 89' lang='lat' dir='ltr'>Troia</span> <span class='ocrx_word' id='word_1_71' title='bbox 253 876 327 917; x_wconf 90' lang='lat' dir='ltr'>per</span> <span class='ocrx_word' id='word_1_72' title='bbox 351 862 559 903; x_wconf 89' lang='lat' dir='ltr'>undosum</span> <span class='ocrx_word' id='word_1_73' title='bbox 583 869 793 917; x_wconf 88' lang='lat' dir='ltr'>peteretur</span> <span class='ocrx_word' id='word_1_74' title='bbox 818 862 1019 903; x_wconf 86' lang='lat' dir='ltr'>classibus</span> <span class='ocrx_word' id='word_1_75' title='bbox 1046 863 1226 916; x_wconf 84' lang='lat' dir='ltr'>aequor?</span> 
     </span>
     <span class='ocr_line' id='line_1_13' title="bbox 103 924 1404 979; baseline 0.002 -15"><span class='ocrx_word' id='word_1_76' title='bbox 103 939 222 966; x_wconf 90' lang='lat' dir='ltr'>mene</span> <span class='ocrx_word' id='word_1_77' title='bbox 246 925 383 979; x_wconf 83' lang='lat' dir='ltr'>fugis?</span> <span class='ocrx_word' id='word_1_78' title='bbox 408 939 482 979; x_wconf 91' lang='lat' dir='ltr'>per</span> <span class='ocrx_word' id='word_1_79' title='bbox 507 939 586 979; x_wconf 81' lang='lat' dir='ltr'>ego</span> <span class='ocrx_word' id='word_1_80' title='bbox 610 924 685 965; x_wconf 87' lang='lat' dir='ltr'>has</span> <span class='ocrx_word' id='word_1_81' title='bbox 710 924 901 965; x_wconf 84' lang='lat' dir='ltr'>lacrimas</span> <span class='ocrx_word' id='word_1_82' title='bbox 927 924 1200 978; x_wconf 79' lang='lat' dir='ltr'>dextramque</span> <span class='ocrx_word' id='word_1_83' title='bbox 1225 931 1338 965; x_wconf 84' lang='lat' dir='ltr'>tuam</span> <span class='ocrx_word' id='word_1_84' title='bbox 1365 932 1404 967; x_wconf 89' lang='lat' dir='ltr'>te</span> 
     </span>
     <span class='ocr_line' id='line_1_14' title="bbox 103 986 1538 1041; baseline 0.002 -15"><span class='ocrx_word' id='word_1_85' title='bbox 103 986 287 1039; x_wconf 86' lang='lat' dir='ltr'>(quando</span> <span class='ocrx_word' id='word_1_86' title='bbox 312 987 425 1028; x_wconf 91' lang='lat' dir='ltr'>aliud</span> <span class='ocrx_word' id='word_1_87' title='bbox 449 986 551 1027; x_wconf 86' lang='lat' dir='ltr'>mihi</span> <span class='ocrx_word' id='word_1_88' title='bbox 575 987 657 1027; x_wconf 88' lang='lat' dir='ltr'>iam</span> <span class='ocrx_word' id='word_1_89' title='bbox 682 986 857 1027; x_wconf 83' lang='lat' dir='ltr'>miserae</span> <span class='ocrx_word' id='word_1_90' title='bbox 882 986 983 1027; x_wconf 88' lang='lat' dir='ltr'>nihil</span> <span class='ocrx_word' id='word_1_91' title='bbox 1008 986 1098 1041; x_wconf 88' lang='lat' dir='ltr'>ipsa</span> <span class='ocrx_word' id='word_1_92' title='bbox 1123 987 1302 1040; x_wconf 86' lang='lat' dir='ltr'>reliqui),</span> <span class='ocrx_word' id='word_1_93' title='bbox 1475 999 1538 1029; x_wconf 79' lang='lat'>315</span> 
     </span>
     <span class='ocr_line' id='line_1_15' title="bbox 102 1048 1155 1102; baseline -0.001 -13"><span class='ocrx_word' id='word_1_94' title='bbox 102 1063 176 1102; x_wconf 91' lang='lat' dir='ltr'>per</span> <span class='ocrx_word' id='word_1_95' title='bbox 200 1048 378 1089; x_wconf 89' lang='lat' dir='ltr'>conubia</span> <span class='ocrx_word' id='word_1_96' title='bbox 401 1056 554 1097; x_wconf 85' lang='lat' dir='ltr'>nostra,</span> <span class='ocrx_word' id='word_1_97' title='bbox 579 1063 653 1102; x_wconf 92' lang='lat' dir='ltr'>per</span> <span class='ocrx_word' id='word_1_98' title='bbox 677 1048 863 1102; x_wconf 86' lang='lat' dir='ltr'>inceptos</span> <span class='ocrx_word' id='word_1_99' title='bbox 888 1048 1155 1102; x_wconf 82' lang='lat' dir='ltr'>hymenaeos,</span> 
     </span>
     <span class='ocr_line' id='line_1_16' title="bbox 103 1110 1250 1163; baseline 0 -12"><span class='ocrx_word' id='word_1_100' title='bbox 103 1110 136 1151; x_wconf 90' lang='lat' dir='ltr'>si</span> <span class='ocrx_word' id='word_1_101' title='bbox 161 1110 267 1151; x_wconf 90' lang='lat' dir='ltr'>bene</span> <span class='ocrx_word' id='word_1_102' title='bbox 290 1110 391 1163; x_wconf 90' lang='lat' dir='ltr'>quid</span> <span class='ocrx_word' id='word_1_103' title='bbox 415 1110 466 1151; x_wconf 91' lang='lat' dir='ltr'>de</span> <span class='ocrx_word' id='word_1_104' title='bbox 491 1117 530 1151; x_wconf 92' lang='lat' dir='ltr'>te</span> <span class='ocrx_word' id='word_1_105' title='bbox 554 1110 700 1159; x_wconf 88' lang='lat' dir='ltr'>merui,</span> <span class='ocrx_word' id='word_1_106' title='bbox 726 1110 805 1150; x_wconf 83' lang='lat' dir='ltr'>fuit</span> <span class='ocrx_word' id='word_1_107' title='bbox 830 1117 901 1150; x_wconf 87' lang='lat' dir='ltr'>aut</span> <span class='ocrx_word' id='word_1_108' title='bbox 926 1110 1001 1150; x_wconf 91' lang='lat' dir='ltr'>tibi</span> <span class='ocrx_word' id='word_1_109' title='bbox 1025 1110 1250 1163; x_wconf 86' lang='lat' dir='ltr'>quicquam</span> 
     </span>
     <span class='ocr_line' id='line_1_17' title="bbox 103 1172 1223 1222; baseline 0.001 -10"><span class='ocrx_word' id='word_1_110' title='bbox 103 1173 223 1214; x_wconf 81' lang='lat' dir='ltr'>dulce</span> <span class='ocrx_word' id='word_1_111' title='bbox 248 1188 401 1222; x_wconf 90' lang='lat' dir='ltr'>meum,</span> <span class='ocrx_word' id='word_1_112' title='bbox 427 1172 622 1214; x_wconf 89' lang='lat' dir='ltr'>miserere</span> <span class='ocrx_word' id='word_1_113' title='bbox 648 1173 795 1213; x_wconf 90' lang='lat' dir='ltr'>domus</span> <span class='ocrx_word' id='word_1_114' title='bbox 820 1172 997 1213; x_wconf 87' lang='lat' dir='ltr'>labentis</span> <span class='ocrx_word' id='word_1_115' title='bbox 1023 1180 1064 1213; x_wconf 84' lang='lat' dir='ltr'>et</span> <span class='ocrx_word' id='word_1_116' title='bbox 1087 1172 1223 1221; x_wconf 82' lang='lat' dir='ltr'>istam,</span> 
     </span>
     <span class='ocr_line' id='line_1_18' title="bbox 102 1234 1227 1290; baseline 0.001 -15"><span class='ocrx_word' id='word_1_117' title='bbox 102 1249 187 1284; x_wconf 92' lang='lat' dir='ltr'>oro,</span> <span class='ocrx_word' id='word_1_118' title='bbox 213 1235 340 1288; x_wconf 88' lang='lat' dir='ltr'>siquis</span> <span class='ocrx_word' id='word_1_119' title='bbox 366 1235 502 1276; x_wconf 86' lang='lat' dir='ltr'>adhuc</span> <span class='ocrx_word' id='word_1_120' title='bbox 527 1234 721 1290; x_wconf 83' lang='lat' dir='ltr'>precibus</span> <span class='ocrx_word' id='word_1_121' title='bbox 745 1235 876 1283; x_wconf 85' lang='lat' dir='ltr'>locus,</span> <span class='ocrx_word' id='word_1_122' title='bbox 903 1249 1007 1275; x_wconf 81' lang='lat' dir='ltr'>exue</span> <span class='ocrx_word' id='word_1_123' title='bbox 1033 1242 1227 1276; x_wconf 79' lang='lat' dir='ltr'>mentem.</span> 
     </span>
     <span class='ocr_line' id='line_1_19' title="bbox 101 1296 1539 1352; baseline 0.003 -16"><span class='ocrx_word' id='word_1_124' title='bbox 101 1303 141 1337; x_wconf 88' lang='lat' dir='ltr'>te</span> <span class='ocrx_word' id='word_1_125' title='bbox 166 1304 334 1352; x_wconf 86' lang='lat' dir='ltr'>propter</span> <span class='ocrx_word' id='word_1_126' title='bbox 358 1297 545 1351; x_wconf 83' lang='lat' dir='ltr'>Libycae</span> <span class='ocrx_word' id='word_1_127' title='bbox 570 1304 716 1352; x_wconf 80' lang='lat' dir='ltr'>gentes</span> <span class='ocrx_word' id='word_1_128' title='bbox 739 1296 1064 1350; x_wconf 86' lang='lat' dir='ltr'>Nomadumque</span> <span class='ocrx_word' id='word_1_129' title='bbox 1089 1297 1253 1351; x_wconf 82' lang='lat' dir='ltr'>tyranni</span> <span class='ocrx_word' id='word_1_130' title='bbox 1475 1311 1539 1342; x_wconf 83' lang='lat'>320</span> 
     </span>
     <span class='ocr_line' id='line_1_20' title="bbox 101 1359 1035 1413; baseline 0 -14"><span class='ocrx_word' id='word_1_131' title='bbox 101 1359 237 1408; x_wconf 88' lang='lat' dir='ltr'>odere,</span> <span class='ocrx_word' id='word_1_132' title='bbox 262 1359 412 1400; x_wconf 89' lang='lat' dir='ltr'>infensi</span> <span class='ocrx_word' id='word_1_133' title='bbox 437 1359 573 1413; x_wconf 85' lang='lat' dir='ltr'>Tyrii3</span> <span class='ocrx_word' id='word_1_134' title='bbox 600 1366 639 1400; x_wconf 87' lang='lat' dir='ltr'>te</span> <span class='ocrx_word' id='word_1_135' title='bbox 664 1365 833 1413; x_wconf 89' lang='lat' dir='ltr'>propter</span> <span class='ocrx_word' id='word_1_136' title='bbox 857 1359 1035 1400; x_wconf 88' lang='lat' dir='ltr'>eundem</span> 
     </span>
     <span class='ocr_line' id='line_1_21' title="bbox 102 1421 1131 1476; baseline -0.001 -14"><span class='ocrx_word' id='word_1_137' title='bbox 102 1421 307 1462; x_wconf 84' lang='lat' dir='ltr'>extinctus</span> <span class='ocrx_word' id='word_1_138' title='bbox 332 1421 467 1476; x_wconf 87' lang='lat' dir='ltr'>pudor</span> <span class='ocrx_word' id='word_1_139' title='bbox 491 1430 544 1470; x_wconf 89' lang='lat' dir='ltr'>et,</span> <span class='ocrx_word' id='word_1_140' title='bbox 570 1436 653 1475; x_wconf 88' lang='lat' dir='ltr'>qua</span> <span class='ocrx_word' id='word_1_141' title='bbox 678 1421 765 1462; x_wconf 86' lang='lat' dir='ltr'>sola</span> <span class='ocrx_word' id='word_1_142' title='bbox 791 1421 927 1462; x_wconf 86' lang='lat' dir='ltr'>sidera</span> <span class='ocrx_word' id='word_1_143' title='bbox 951 1421 1131 1470; x_wconf 85' lang='lat' dir='ltr'>adibam,</span> 
     </span>
     <span class='ocr_line' id='line_1_22' title="bbox 100 1483 1273 1539; baseline 0.001 -15"><span class='ocrx_word' id='word_1_144' title='bbox 100 1483 212 1524; x_wconf 85' lang='lat' dir='ltr'>fama</span> <span class='ocrx_word' id='word_1_145' title='bbox 236 1483 358 1538; x_wconf 88' lang='lat' dir='ltr'>prior.</span> <span class='ocrx_word' id='word_1_146' title='bbox 407 1483 473 1524; x_wconf 91' lang='lat' dir='ltr'>cui</span> <span class='ocrx_word' id='word_1_147' title='bbox 497 1498 562 1525; x_wconf 90' lang='lat' dir='ltr'>me</span> <span class='ocrx_word' id='word_1_148' title='bbox 587 1483 879 1524; x_wconf 81' lang='lat' dir='ltr'>moribundam</span> <span class='ocrx_word' id='word_1_149' title='bbox 904 1483 1072 1533; x_wconf 86' lang='lat' dir='ltr'>deseris,</span> <span class='ocrx_word' id='word_1_150' title='bbox 1098 1483 1273 1539; x_wconf 83' lang='lat' dir='ltr'>hospes?</span> 
     </span>
     <span class='ocr_line' id='line_1_23' title="bbox 100 1545 1180 1600; baseline 0.001 -14"><span class='ocrx_word' id='word_1_151' title='bbox 100 1545 179 1586; x_wconf 90' lang='lat' dir='ltr'>hoc</span> <span class='ocrx_word' id='word_1_152' title='bbox 204 1546 337 1586; x_wconf 89' lang='lat' dir='ltr'>solum</span> <span class='ocrx_word' id='word_1_153' title='bbox 361 1560 513 1587; x_wconf 89' lang='lat' dir='ltr'>nomen</span> <span class='ocrx_word' id='word_1_154' title='bbox 539 1546 736 1599; x_wconf 89' lang='lat' dir='ltr'>quoniam</span> <span class='ocrx_word' id='word_1_155' title='bbox 762 1545 814 1586; x_wconf 90' lang='lat' dir='ltr'>de</span> <span class='ocrx_word' id='word_1_156' title='bbox 839 1545 1016 1600; x_wconf 81' lang='lat' dir='ltr'>coniuge</span> <span class='ocrx_word' id='word_1_157' title='bbox 1041 1554 1180 1587; x_wconf 88' lang='lat' dir='ltr'>restat.</span> 
     </span>
     <span class='ocr_line' id='line_1_24' title="bbox 100 1607 1536 1662; baseline 0.003 -14"><span class='ocrx_word' id='word_1_158' title='bbox 100 1607 200 1661; x_wconf 90' lang='lat' dir='ltr'>quid</span> <span class='ocrx_word' id='word_1_159' title='bbox 225 1608 386 1649; x_wconf 79' lang='lat' dir='ltr'>moror?</span> <span class='ocrx_word' id='word_1_160' title='bbox 411 1623 464 1648; x_wconf 91' lang='lat' dir='ltr'>an</span> <span class='ocrx_word' id='word_1_161' title='bbox 488 1623 582 1649; x_wconf 89' lang='lat' dir='ltr'>mea</span> <span class='ocrx_word' id='word_1_162' title='bbox 604 1607 859 1662; x_wconf 86' lang='lat' dir='ltr'>Pygmalion</span> <span class='ocrx_word' id='word_1_163' title='bbox 884 1608 984 1648; x_wconf 88' lang='lat' dir='ltr'>dum</span> <span class='ocrx_word' id='word_1_164' title='bbox 1009 1609 1173 1650; x_wconf 86' lang='lat' dir='ltr'>moenia</span> <span class='ocrx_word' id='word_1_165' title='bbox 1197 1609 1323 1651; x_wconf 87' lang='lat' dir='ltr'>frater</span> <span class='ocrx_word' id='word_1_166' title='bbox 1473 1621 1536 1652; x_wconf 82' lang='lat'>325</span> 
     </span>
     <span class='ocr_line' id='line_1_25' title="bbox 100 1669 1144 1725; baseline 0.002 -15"><span class='ocrx_word' id='word_1_167' title='bbox 100 1670 286 1711; x_wconf 86' lang='lat' dir='ltr'>destruat</span> <span class='ocrx_word' id='word_1_168' title='bbox 310 1677 381 1711; x_wconf 85' lang='lat' dir='ltr'>aut</span> <span class='ocrx_word' id='word_1_169' title='bbox 405 1677 569 1725; x_wconf 86' lang='lat' dir='ltr'>captam</span> <span class='ocrx_word' id='word_1_170' title='bbox 594 1670 720 1711; x_wconf 86' lang='lat' dir='ltr'>ducat</span> <span class='ocrx_word' id='word_1_171' title='bbox 745 1669 950 1711; x_wconf 87' lang='lat' dir='ltr'>Gaetulus</span> <span class='ocrx_word' id='word_1_172' title='bbox 974 1670 1144 1712; x_wconf 83' lang='lat' dir='ltr'>Iarbas?</span> 
     </span>
     <span class='ocr_line' id='line_1_26' title="bbox 101 1732 1047 1787; baseline 0.001 -14"><span class='ocrx_word' id='word_1_173' title='bbox 101 1733 245 1774; x_wconf 88' lang='lat' dir='ltr'>saltem</span> <span class='ocrx_word' id='word_1_174' title='bbox 270 1733 390 1786; x_wconf 88' lang='lat' dir='ltr'>siqua</span> <span class='ocrx_word' id='word_1_175' title='bbox 413 1733 515 1773; x_wconf 89' lang='lat' dir='ltr'>mihi</span> <span class='ocrx_word' id='word_1_176' title='bbox 541 1733 592 1775; x_wconf 89' lang='lat' dir='ltr'>de</span> <span class='ocrx_word' id='word_1_177' title='bbox 617 1740 656 1774; x_wconf 88' lang='lat' dir='ltr'>te</span> <span class='ocrx_word' id='word_1_178' title='bbox 682 1740 875 1787; x_wconf 85' lang='lat' dir='ltr'>suscepta</span> <span class='ocrx_word' id='word_1_179' title='bbox 898 1732 1047 1774; x_wconf 87' lang='lat' dir='ltr'>fuisset</span> 
     </span>
     <span class='ocr_line' id='line_1_27' title="bbox 101 1795 1195 1850; baseline 0.001 -14"><span class='ocrx_word' id='word_1_180' title='bbox 101 1803 196 1836; x_wconf 87' lang='lat' dir='ltr'>ante</span> <span class='ocrx_word' id='word_1_181' title='bbox 220 1795 365 1849; x_wconf 84' lang='lat' dir='ltr'>fugam</span> <span class='ocrx_word' id='word_1_182' title='bbox 389 1795 569 1844; x_wconf 87' lang='lat' dir='ltr'>suboles,</span> <span class='ocrx_word' id='word_1_183' title='bbox 596 1795 725 1848; x_wconf 88' lang='lat' dir='ltr'>siquis</span> <span class='ocrx_word' id='word_1_184' title='bbox 751 1795 850 1835; x_wconf 90' lang='lat' dir='ltr'>mihi</span> <span class='ocrx_word' id='word_1_185' title='bbox 875 1796 1074 1850; x_wconf 87' lang='lat' dir='ltr'>parvulus</span> <span class='ocrx_word' id='word_1_186' title='bbox 1099 1796 1195 1837; x_wconf 89' lang='lat' dir='ltr'>aula</span> 
     </span>
     <span class='ocr_line' id='line_1_28' title="bbox 99 1857 1098 1911; baseline 0 -13"><span class='ocrx_word' id='word_1_187' title='bbox 99 1857 261 1899; x_wconf 85' lang='lat' dir='ltr'>luderet</span> <span class='ocrx_word' id='word_1_188' title='bbox 282 1858 466 1907; x_wconf 87' lang='lat' dir='ltr'>Aeneas,</span> <span class='ocrx_word' id='word_1_189' title='bbox 492 1857 564 1911; x_wconf 91' lang='lat' dir='ltr'>qui</span> <span class='ocrx_word' id='word_1_190' title='bbox 589 1864 628 1899; x_wconf 92' lang='lat' dir='ltr'>te</span> <span class='ocrx_word' id='word_1_191' title='bbox 654 1866 793 1899; x_wconf 86' lang='lat' dir='ltr'>tamen</span> <span class='ocrx_word' id='word_1_192' title='bbox 819 1872 888 1899; x_wconf 91' lang='lat' dir='ltr'>ore</span> <span class='ocrx_word' id='word_1_193' title='bbox 912 1858 1098 1906; x_wconf 86' lang='lat' dir='ltr'>referret,</span> 
     </span>
     <span class='ocr_line' id='line_1_29' title="bbox 100 1920 1537 1975; baseline 0.003 -15"><span class='ocrx_word' id='word_1_194' title='bbox 100 1934 185 1961; x_wconf 89' lang='lat' dir='ltr'>non</span> <span class='ocrx_word' id='word_1_195' title='bbox 207 1920 400 1974; x_wconf 89' lang='lat' dir='ltr'>equidem</span> <span class='ocrx_word' id='word_1_196' title='bbox 425 1920 592 1961; x_wconf 88' lang='lat' dir='ltr'>omnino</span> <span class='ocrx_word' id='word_1_197' title='bbox 617 1928 740 1975; x_wconf 86' lang='lat' dir='ltr'>capta</span> <span class='ocrx_word' id='word_1_198' title='bbox 764 1935 812 1961; x_wconf 90' lang='lat' dir='ltr'>ac</span> <span class='ocrx_word' id='word_1_199' title='bbox 837 1921 1001 1962; x_wconf 81' lang='lat' dir='ltr'>deserta</span> <span class='ocrx_word' id='word_1_200' title='bbox 1025 1921 1214 1962; x_wconf 90' lang='lat' dir='ltr'>viderer.’</span> <span class='ocrx_word' id='word_1_201' title='bbox 1472 1934 1537 1964; x_wconf 88' lang='lat'>330</span> 
     </span>
     <span class='ocr_line' id='line_1_30' title="bbox 156 1982 1177 2024; baseline 0.002 -2"><span class='ocrx_word' id='word_1_202' title='bbox 156 1982 344 2024; x_wconf 82' lang='lat' dir='ltr'>Dixerat.</span> <span class='ocrx_word' id='word_1_203' title='bbox 392 1982 460 2023; x_wconf 91' lang='lat' dir='ltr'>ille</span> <span class='ocrx_word' id='word_1_204' title='bbox 485 1982 597 2023; x_wconf 90' lang='lat' dir='ltr'>Iovis</span> <span class='ocrx_word' id='word_1_205' title='bbox 622 1982 788 2023; x_wconf 82' lang='lat' dir='ltr'>monitis</span> <span class='ocrx_word' id='word_1_206' title='bbox 812 1982 984 2023; x_wconf 88' lang='lat' dir='ltr'>immota</span> <span class='ocrx_word' id='word_1_207' title='bbox 1008 1983 1177 2024; x_wconf 89' lang='lat' dir='ltr'>tenebat</span> 
     </span>
     <span class='ocr_line' id='line_1_31' title="bbox 100 2044 1192 2099; baseline 0.001 -14"><span class='ocrx_word' id='word_1_208' title='bbox 100 2044 257 2085; x_wconf 89' lang='lat' dir='ltr'>lumina</span> <span class='ocrx_word' id='word_1_209' title='bbox 280 2051 321 2086; x_wconf 89' lang='lat' dir='ltr'>et</span> <span class='ocrx_word' id='word_1_210' title='bbox 344 2044 521 2085; x_wconf 87' lang='lat' dir='ltr'>obnixus</span> <span class='ocrx_word' id='word_1_211' title='bbox 546 2058 688 2085; x_wconf 86' lang='lat' dir='ltr'>curam</span> <span class='ocrx_word' id='word_1_212' title='bbox 712 2045 791 2085; x_wconf 90' lang='lat' dir='ltr'>sub</span> <span class='ocrx_word' id='word_1_213' title='bbox 817 2045 940 2086; x_wconf 88' lang='lat' dir='ltr'>corde</span> <span class='ocrx_word' id='word_1_214' title='bbox 965 2045 1192 2099; x_wconf 87' lang='lat' dir='ltr'>premebat.</span> 
     </span>
     <span class='ocr_line' id='line_1_32' title="bbox 100 2106 1287 2162; baseline 0.001 -15"><span class='ocrx_word' id='word_1_215' title='bbox 100 2106 268 2148; x_wconf 86' lang='lat' dir='ltr'>tandem</span> <span class='ocrx_word' id='word_1_216' title='bbox 292 2121 426 2161; x_wconf 86' lang='lat' dir='ltr'>pauca</span> <span class='ocrx_word' id='word_1_217' title='bbox 450 2106 593 2149; x_wconf 87' lang='lat' dir='ltr'>refert:</span> <span class='ocrx_word' id='word_1_218' title='bbox 621 2111 719 2162; x_wconf 80' lang='lat' dir='ltr'>‘ego</span> <span class='ocrx_word' id='word_1_219' title='bbox 746 2115 799 2156; x_wconf 88' lang='lat' dir='ltr'>te,</span> <span class='ocrx_word' id='word_1_220' title='bbox 825 2121 932 2160; x_wconf 88' lang='lat' dir='ltr'>quae</span> <span class='ocrx_word' id='word_1_221' title='bbox 957 2108 1136 2161; x_wconf 87' lang='lat' dir='ltr'>plurima</span> <span class='ocrx_word' id='word_1_222' title='bbox 1160 2107 1287 2149; x_wconf 88' lang='lat' dir='ltr'>fando</span> 
     </span>
     <span class='ocr_line' id='line_1_33' title="bbox 101 2169 1134 2225; baseline 0.001 -16"><span class='ocrx_word' id='word_1_223' title='bbox 101 2183 342 2210; x_wconf 87' lang='lat' dir='ltr'>enumerare</span> <span class='ocrx_word' id='word_1_224' title='bbox 366 2169 492 2219; x_wconf 86' lang='lat' dir='ltr'>vales,</span> <span class='ocrx_word' id='word_1_225' title='bbox 517 2183 761 2222; x_wconf 89' lang='lat' dir='ltr'>numquam,</span> <span class='ocrx_word' id='word_1_226' title='bbox 785 2169 943 2224; x_wconf 80' lang='lat' dir='ltr'>regina,</span> <span class='ocrx_word' id='word_1_227' title='bbox 969 2170 1134 2225; x_wconf 76' lang='lat' dir='ltr'>negabo</span> 
     </span>
     <span class='ocr_line' id='line_1_34' title="bbox 99 2231 1535 2287; baseline 0.003 -16"><span class='ocrx_word' id='word_1_228' title='bbox 99 2231 377 2286; x_wconf 81' lang='lat' dir='ltr'>promeritam,</span> <span class='ocrx_word' id='word_1_229' title='bbox 402 2246 479 2272; x_wconf 91' lang='lat' dir='ltr'>nec</span> <span class='ocrx_word' id='word_1_230' title='bbox 503 2247 570 2273; x_wconf 92' lang='lat' dir='ltr'>me</span> <span class='ocrx_word' id='word_1_231' title='bbox 594 2232 830 2273; x_wconf 88' lang='lat' dir='ltr'>meminisse</span> <span class='ocrx_word' id='word_1_232' title='bbox 856 2232 1015 2287; x_wconf 84' lang='lat' dir='ltr'>pigebit</span> <span class='ocrx_word' id='word_1_233' title='bbox 1039 2231 1216 2281; x_wconf 85' lang='lat' dir='ltr'>Elissae,</span> <span class='ocrx_word' id='word_1_234' title='bbox 1472 2245 1535 2276; x_wconf 85' lang='lat'>335</span> 
     </span>
     <span class='ocr_line' id='line_1_35' title="bbox 101 2293 1310 2349; baseline 0.002 -15"><span class='ocrx_word' id='word_1_235' title='bbox 101 2295 200 2334; x_wconf 88' lang='lat' dir='ltr'>dum</span> <span class='ocrx_word' id='word_1_236' title='bbox 224 2308 382 2335; x_wconf 88' lang='lat' dir='ltr'>memor</span> <span class='ocrx_word' id='word_1_237' title='bbox 404 2294 492 2348; x_wconf 91' lang='lat' dir='ltr'>ipse</span> <span class='ocrx_word' id='word_1_238' title='bbox 516 2293 611 2343; x_wconf 89' lang='lat' dir='ltr'>mei,</span> <span class='ocrx_word' id='word_1_239' title='bbox 637 2294 736 2334; x_wconf 90' lang='lat' dir='ltr'>dum</span> <span class='ocrx_word' id='word_1_240' title='bbox 762 2294 929 2348; x_wconf 86' lang='lat' dir='ltr'>spiritus</span> <span class='ocrx_word' id='word_1_241' title='bbox 953 2294 1028 2335; x_wconf 89' lang='lat' dir='ltr'>hos</span> <span class='ocrx_word' id='word_1_242' title='bbox 1053 2295 1160 2349; x_wconf 84' lang='lat' dir='ltr'>regit</span> <span class='ocrx_word' id='word_1_243' title='bbox 1184 2303 1310 2336; x_wconf 86' lang='lat' dir='ltr'>artus.</span> 
     </span>
     <span class='ocr_line' id='line_1_36' title="bbox 100 2357 1422 2411; baseline 0.002 -15"><span class='ocrx_word' id='word_1_244' title='bbox 100 2371 174 2411; x_wconf 85' lang='lat' dir='ltr'>pro</span> <span class='ocrx_word' id='word_1_245' title='bbox 199 2371 242 2397; x_wconf 89' lang='lat' dir='ltr'>re</span> <span class='ocrx_word' id='word_1_246' title='bbox 267 2370 402 2410; x_wconf 88' lang='lat' dir='ltr'>pauca</span> <span class='ocrx_word' id='word_1_247' title='bbox 424 2357 583 2410; x_wconf 87' lang='lat' dir='ltr'>loquar.</span> <span class='ocrx_word' id='word_1_248' title='bbox 632 2371 768 2410; x_wconf 90' lang='lat' dir='ltr'>neque</span> <span class='ocrx_word' id='word_1_249' title='bbox 793 2371 871 2411; x_wconf 83' lang='lat' dir='ltr'>ego</span> <span class='ocrx_word' id='word_1_250' title='bbox 901 2357 1008 2398; x_wconf 91' lang='lat' dir='ltr'>hanc</span> <span class='ocrx_word' id='word_1_251' title='bbox 1033 2357 1287 2400; x_wconf 85' lang='lat' dir='ltr'>abscondere</span> <span class='ocrx_word' id='word_1_252' title='bbox 1313 2358 1422 2399; x_wconf 85' lang='lat' dir='ltr'>furto</span> 
     </span>
     <span class='ocr_line' id='line_1_37' title="bbox 100 2418 1233 2474; baseline 0.001 -14"><span class='ocrx_word' id='word_1_253' title='bbox 100 2418 264 2473; x_wconf 87' lang='lat' dir='ltr'>speravi</span> <span class='ocrx_word' id='word_1_254' title='bbox 289 2421 356 2469; x_wconf 92' lang='lat' dir='ltr'>(ne</span> <span class='ocrx_word' id='word_1_255' title='bbox 381 2418 507 2473; x_wconf 81' lang='lat' dir='ltr'>finge)</span> <span class='ocrx_word' id='word_1_256' title='bbox 532 2419 691 2474; x_wconf 80' lang='lat' dir='ltr'>fugam,</span> <span class='ocrx_word' id='word_1_257' title='bbox 716 2433 794 2460; x_wconf 90' lang='lat' dir='ltr'>nec</span> <span class='ocrx_word' id='word_1_258' title='bbox 820 2419 1008 2474; x_wconf 82' lang='lat' dir='ltr'>coniugis</span> <span class='ocrx_word' id='word_1_259' title='bbox 1033 2433 1233 2474; x_wconf 88' lang='lat' dir='ltr'>umquam</span> 
     </span>
     <span class='ocr_line' id='line_1_38' title="bbox 99 2481 1098 2535; baseline 0.001 -14"><span class='ocrx_word' id='word_1_260' title='bbox 99 2481 315 2535; x_wconf 85' lang='lat' dir='ltr'>praetendi</span> <span class='ocrx_word' id='word_1_261' title='bbox 339 2481 481 2522; x_wconf 86' lang='lat' dir='ltr'>taedas</span> <span class='ocrx_word' id='word_1_262' title='bbox 507 2489 577 2522; x_wconf 89' lang='lat' dir='ltr'>aut</span> <span class='ocrx_word' id='word_1_263' title='bbox 603 2482 706 2522; x_wconf 89' lang='lat' dir='ltr'>haec</span> <span class='ocrx_word' id='word_1_264' title='bbox 730 2481 773 2521; x_wconf 91' lang='lat' dir='ltr'>in</span> <span class='ocrx_word' id='word_1_265' title='bbox 796 2481 966 2522; x_wconf 87' lang='lat' dir='ltr'>foedera</span> <span class='ocrx_word' id='word_1_266' title='bbox 990 2481 1098 2523; x_wconf 90' lang='lat' dir='ltr'>veni.</span> 
     </span>
     <span class='ocr_line' id='line_1_39' title="bbox 100 2542 1537 2598; baseline 0.001 -15"><span class='ocrx_word' id='word_1_267' title='bbox 100 2558 167 2584; x_wconf 89' lang='lat' dir='ltr'>me</span> <span class='ocrx_word' id='word_1_268' title='bbox 192 2543 227 2583; x_wconf 89' lang='lat' dir='ltr'>si</span> <span class='ocrx_word' id='word_1_269' title='bbox 251 2542 336 2583; x_wconf 85' lang='lat' dir='ltr'>fata</span> <span class='ocrx_word' id='word_1_270' title='bbox 360 2542 462 2584; x_wconf 89' lang='lat' dir='ltr'>meis</span> <span class='ocrx_word' id='word_1_271' title='bbox 487 2551 726 2598; x_wconf 83' lang='lat' dir='ltr'>paterentur</span> <span class='ocrx_word' id='word_1_272' title='bbox 751 2543 901 2584; x_wconf 89' lang='lat' dir='ltr'>ducere</span> <span class='ocrx_word' id='word_1_273' title='bbox 926 2544 1054 2584; x_wconf 86' lang='lat' dir='ltr'>vitam</span> <span class='ocrx_word' id='word_1_274' title='bbox 1473 2555 1537 2586; x_wconf 75' lang='lat'>340</span> 
     </span>
     <span class='ocr_line' id='line_1_40' title="bbox 101 2605 1075 2660; baseline 0.001 -15"><span class='ocrx_word' id='word_1_275' title='bbox 101 2605 296 2660; x_wconf 86' lang='lat' dir='ltr'>auspiciis</span> <span class='ocrx_word' id='word_1_276' title='bbox 321 2611 361 2646; x_wconf 88' lang='lat' dir='ltr'>et</span> <span class='ocrx_word' id='word_1_277' title='bbox 384 2613 529 2660; x_wconf 88' lang='lat' dir='ltr'>sponte</span> <span class='ocrx_word' id='word_1_278' title='bbox 553 2621 646 2648; x_wconf 88' lang='lat' dir='ltr'>mea</span> <span class='ocrx_word' id='word_1_279' title='bbox 671 2620 918 2660; x_wconf 87' lang='lat' dir='ltr'>componere</span> <span class='ocrx_word' id='word_1_280' title='bbox 942 2620 1075 2655; x_wconf 84' lang='lat' dir='ltr'>curas,</span> 
     </span>
    </p>
   </div>
  </div>
 </body>
</html>
