1628 2847
546 138 895 176 CATALEPTON.
1314 127 1396 171 353

166 257 301 297 neque
325 243 449 286 ullius
474 244 649 285 volantis
674 244 860 299 inpetum
887 242 960 284 cisi

165 306 359 359 nequisse
383 306 620 361 praeterire,
647 306 733 347 sive
757 306 980 346 Mantuam

167 381 271 422 opus
296 367 403 409 foret
426 368 565 409 volare
593 369 680 409 sive
704 367 902 408 Brixiam.

168 437 209 470 et
232 429 310 470 hoc
334 437 461 485 negat
485 429 722 485 Tryphonis
747 429 900 470 aemuli
926 428 1096 469 domum

165 506 319 546 negare
343 492 526 533 nobilem
550 492 780 533 insulamve
806 490 988 539 Caeruli,

167 552 240 593 ubi
264 553 340 595 iste
365 561 458 608 post
485 553 668 596 Sabinus
693 562 788 594 ante
814 552 1012 604 Quinctio

167 615 334 657 bidente
361 616 459 657 dicit
482 616 678 658 attodisse
702 616 845 656 forfice

168 686 329 718 comata
353 679 471 728 colla,
496 679 662 732 nequod
686 678 898 719 horridum
924 678 1022 732 iugo

168 747 381 793 premente
406 741 510 782 dura
533 741 684 782 vulnus
710 740 851 782 ederet
874 739 985 781 iuba.

170 800 380 844 Cremona
403 803 555 858 frigida
580 810 620 844 et
644 803 779 843 lutosa
805 801 955 850 Gallia,

169 863 242 904 tibi
268 864 370 906 haec
395 865 523 906 fuisse
548 873 588 907 et
612 880 701 907 esse
727 864 1008 920 cognitissima

169 925 226 966 ait
251 925 451 968 Sabinus:
477 927 622 968 ultima
647 943 696 969 ex
722 927 880 982 origine

169 995 241 1029 tua
266 990 425 1031 stetisse
450 990 549 1031 dicit
572 989 615 1030 in
640 989 851 1044 voragine,

170 1058 242 1092 tua
265 1051 305 1091 in
332 1052 484 1106 palude
510 1052 722 1106 deposisse
747 1051 942 1101 sarcinas,

170 1119 210 1153 et
233 1112 328 1154 inde
354 1121 414 1154 tot
438 1128 511 1168 per
535 1114 717 1155 orbitosa
740 1113 854 1154 milia

170 1174 315 1229 iugum
340 1176 496 1225 tulisse,
520 1177 639 1218 laeva
663 1176 750 1217 sive
774 1176 944 1217 dextera

171 1238 344 1292 strigare
368 1239 483 1280 mula
507 1238 593 1280 sive
617 1245 841 1293 utrumque
867 1243 1060 1292 coeperat

170 1375 305 1415 neque
329 1362 414 1404 ulla
437 1370 533 1404 vota
558 1362 815 1404 semitalibus
841 1362 928 1404 deis

172 1424 249 1465 sibi
276 1440 363 1466 esse
388 1425 511 1475 facta,
537 1433 701 1480 praeter
725 1425 803 1468 hoc
826 1424 1114 1473 novissimum,

171 1494 344 1542 paterna
367 1488 455 1529 lora
479 1488 797 1543 proximumque
822 1487 1041 1543 pectinem.

173 1549 245 1590 sed
270 1550 372 1591 haec
396 1550 510 1606 prius
535 1550 669 1593 fuere:
694 1565 806 1592 nunc
831 1551 1014 1592 eburnea

173 1612 371 1665 sedetque
397 1613 494 1654 sede
520 1627 646 1667 seque
672 1612 835 1654 dedicat
859 1612 947 1662 tibi,

171 1674 348 1728 gemelle
373 1674 520 1718 Castor
544 1682 585 1717 et
608 1676 784 1731 gemelle
810 1674 1007 1717 Castoris.

603 1781 674 1823 XI
698 1781 859 1835 (XIV.)

63 1859 169 1913 Quis
196 1860 310 1910 deus,
336 1859 502 1910 Octavi,
527 1869 566 1902 te
591 1861 710 1902 nobis
736 1861 930 1902 abstulit?
955 1876 1008 1902 an
1032 1874 1140 1914 quae

119 1924 274 1973 dicunt,
299 1938 336 1972 a,
359 1923 486 1964 nimio
511 1924 661 1978 pocula
686 1923 811 1965 dueta
835 1923 973 1965 mero?

64 1986 310 2033 ‘vobiscum‚
336 1985 370 2026 si
394 1993 455 2026 est
480 1985 614 2040 culpa,
640 1985 738 2025 bibi.
787 2000 863 2026 sua
889 1999 1097 2038 quemque
1123 1991 1355 2038 sequuntur

119 2049 222 2089 fata:
249 2047 350 2102 quid
373 2047 552 2089 inmeriti
578 2047 733 2088 crimen
759 2047 913 2089 habent
938 2047 1120 2101 cyathi?'

64 2110 216 2165 scripta
239 2110 406 2163 quidem
431 2117 503 2150 tua
526 2123 601 2151 nos
626 2110 803 2150 multum
828 2109 1073 2150 mirabimur
1098 2116 1139 2151 et
1162 2116 1201 2150 te

119 2179 283 2227 raptum
309 2178 349 2213 et
372 2171 605 2212 Romanam
630 2171 821 2212 flebimus
848 2171 1073 2220 historiam,

65 2235 139 2276 sed
163 2242 207 2275 tu
233 2234 369 2275 nullus
396 2233 487 2274 eris.
530 2233 713 2288 perversi
739 2233 860 2274 dicite
886 2249 1042 2282 maneS‚

121 2296 231 2338 hunc
257 2310 473 2351 superesse
497 2294 604 2350 patri
629 2308 736 2348 quae
761 2295 839 2336 fuit
864 2295 1044 2336 invidia?

619 2402 713 2444 ΧΠ
739 2403 850 2455 (IV.)

235 2481 426 2538 Superbe
450 2481 671 2531 Noctuine,
697 2482 888 2538 putidum
914 2488 1051 2537 caput,

178 2544 300 2586 datur
324 2545 398 2585 tibi
422 2544 574 2599 puella,
602 2559 727 2598 quam
752 2544 872 2599 petis,
898 2544 1039 2593 datur3

178 2608 313 2656 datur,
339 2607 516 2661 superbe
541 2606 762 2656 Noctuine,
789 2620 914 2661 quam
938 2606 1058 2661 petis.

138 2676 266 2710 Veryz'lz'us
279 2676 320 2702 ed.
337 2675 420 2702 Thilo.
1173 2671 1218 2707 23
