1660 2847
147 328 186 359 15

143 642 186 672 20

143 954 183 984 25

141 1268 183 1298 30

141 1582 181 1612 35

140 1894 182 1924 40

140 2205 182 2236 45

214 140 299 184 254
624 151 668 185 P.
687 148 897 186 VERGILI
920 149 1145 188 MARONIS

214 253 317 295 dixit
340 259 381 296 et
403 253 446 295 in
471 253 633 295 caelum
658 254 829 309 paribus
853 269 897 296 se
922 255 1089 296 sustulit
1111 255 1186 297 alis

211 317 507 373 ingentemque
532 316 634 371 fuga
659 316 791 358 secuit
814 316 892 358 sub
916 317 1097 359 nubibus
1123 333 1278 360 arcum.

212 379 411 434 adgnovit
434 379 595 419 iuvenis
621 379 880 434 duplicisque
906 380 960 420 ad
984 380 1119 421 sidera
1142 381 1304 435 palmas

211 442 378 483 sustulit
401 456 448 482 ac
473 441 544 482 tali
569 440 800 496 fugientem
825 447 888 483 est
911 456 1013 483 voce
1039 450 1224 484 secutus:

211 504 301 554 ‘Iri‚
327 504 453 545 decus
479 503 594 551 caeli,
620 504 712 556 quis
738 511 776 545 te
801 504 902 545 mihi
927 504 1109 546 nubibus
1135 512 1271 546 aetam

212 566 360 608 detulit
382 566 425 606 in
449 565 603 607 terras?
629 566 739 607 unde
765 566 868 608 haec
893 572 978 607 tam
1004 567 1115 608 clara
1139 574 1308 622 repente

210 630 458 684 tempestas?
483 628 667 669 medium
692 629 813 670 video
839 629 1049 671 discedere
1075 630 1237 671 caelum

209 691 471 749 palantisque
495 690 592 745 polo
617 691 768 732 stellas.
819 706 970 745 sequor
994 691 1133 733 omina
1158 699 1285 742 tanta,

209 754 396 809 quisquis
421 753 464 794 in
489 768 604 794 arma
628 753 776 794 vocas.’
826 760 867 795 et
891 753 949 794 sic
974 754 1122 795 effatus
1149 754 1203 795 ad
1226 754 1382 796 undam

209 816 411 873 processit
435 829 682 870 summoque
707 815 846 857 hausit
871 815 921 857 de
946 816 1112 871 gurgite
1136 816 1342 871 lymphas,

208 880 339 921 multa
364 878 462 920 deos
487 892 622 928 orans,
648 878 917 931 oneravitque
944 878 1112 919 aethera
1137 878 1257 919 votis.

264 942 438 994 Iamque
463 940 597 981 omnis
623 940 779 994 campis
806 940 1012 981 exercitus
1038 941 1126 981 ibat
1151 941 1319 995 apertis,

209 1005 324 1046 dives
349 1017 517 1057 equum,
543 1002 659 1043 dives
684 1002 811 1056 pictai
837 1002 962 1044 vestis
988 1008 1029 1044 et
1053 1002 1142 1043 auri

208 1068 449 1121 (Messapus
473 1065 627 1120 primas
653 1065 776 1113 acies,
802 1071 1013 1119 postrema
1037 1072 1230 1107 coercent

208 1129 440 1185 Tyrrhidae
465 1127 649 1176 iuvenes,
674 1128 812 1169 medio
838 1128 923 1168 dux
949 1128 1115 1182 agmine
1140 1129 1341 1182 Turnus),

208 1208 285 1235 ceu
310 1197 469 1246 septem
494 1205 668 1245 surgens
695 1190 847 1231 sedatis
874 1190 1065 1231 amnibus
1092 1191 1197 1232 altus

207 1271 281 1311 per
304 1254 478 1295 tacitum
506 1252 677 1308 Ganges
703 1258 777 1294 aut
799 1253 947 1307 pingui
971 1253 1142 1294 flumine
1166 1252 1286 1295 Nilus

208 1333 304 1360 cum
328 1316 466 1357 refluit
490 1315 647 1370 campis
673 1320 715 1356 et
738 1314 821 1355 iam
845 1329 889 1356 se
914 1314 1098 1356 condidit
1121 1315 1252 1356 alveo.

207 1381 274 1422 hic
299 1379 479 1420 subitam
503 1377 624 1432 nigro
649 1377 873 1432 glomerari
897 1377 1068 1432 pulvere
1093 1377 1248 1418 nubem

208 1441 467 1499 prospiciunt
490 1440 644 1481 Teucri
669 1454 717 1481 ac
742 1440 934 1481 tenebras
959 1439 1174 1493 insurgere
1200 1439 1370 1494 campis.

207 1506 363 1562 primus
390 1504 442 1545 ab
468 1503 644 1544 adversa
669 1503 902 1544 conclamat
925 1503 1034 1543 mole
1061 1501 1214 1544 Caicus

208 1569 318 1623 ‘quis
343 1567 508 1622 globUS,
534 1580 557 1606 o
584 1566 708 1615 cives,
734 1565 912 1620 caligine
938 1564 1119 1606 volvitur
1146 1564 1251 1606 atra!

206 1632 310 1673 ferte
336 1629 405 1670 citi
430 1628 599 1676 ferrum,
626 1627 720 1669 date
746 1628 839 1676 tela,
865 1627 1077 1668 ascendite
1102 1641 1257 1676 muros,

206 1693 336 1735 hostis
362 1691 492 1739 adest,
518 1689 651 1731 heial’
677 1689 836 1744 ingenti
861 1690 1040 1731 clamore
1065 1703 1140 1744 per
1165 1689 1298 1729 omnis

208 1756 392 1797 condunt
416 1768 459 1794 se
485 1751 638 1793 Teucri
662 1758 802 1807 portas
828 1759 868 1792 et
892 1751 1056 1792 moenia
1081 1751 1286 1805 conplent.

206 1831 387 1871 namque
411 1816 470 1856 ita
494 1814 711 1855 discedens
735 1820 1005 1869 praeceperat
1028 1813 1209 1868 optimus
1235 1812 1359 1854 armis

207 1882 389 1927 Aeneas,
416 1878 535 1931 siqua
559 1877 718 1918 interea
742 1876 909 1916 fortuna
935 1875 1094 1923 fuisset,

206 1958 288 1984 neu
314 1948 472 1983 struere
497 1939 698 1980 auderent
723 1938 854 1979 aciem
879 1952 961 1978 neu
987 1938 1156 1979 credere
1184 1951 1351 1991 campo;

209 2011 343 2047 castra
367 2003 490 2044 modo
516 2008 558 2043 et
582 2007 692 2042 tutos
719 2006 933 2042 servarent
958 2015 1112 2055 aggere
1137 2014 1291 2040 muros.

208 2082 307 2122 ergo
333 2066 409 2108 etsi
435 2064 623 2106 conferre
648 2079 820 2104 manum
844 2063 981 2117 pudor
1004 2063 1148 2116 iraque
1173 2068 1389 2111 monstrat,

208 2130 394 2172 obiciunt
416 2135 556 2182 portas
582 2134 720 2167 tamen
747 2132 789 2167 et
812 2132 1036 2180 praecepta
1060 2126 1272 2166 facessunt

209 2191 440 2245 armatique
466 2189 578 2230 cavis
604 2194 826 2243 expectant
851 2187 1033 2228 turribus
1059 2187 1234 2228 hostem.

208 2255 392 2301 Turnus,
418 2259 464 2292 ut
488 2258 583 2292 ante
608 2250 753 2291 volans
779 2250 942 2290 tardum
967 2255 1250 2304 praecesserat
1273 2263 1438 2304 agmen,

209 2316 368 2388 viginti
380 2314 497 2355 lectis
523 2313 710 2366 equitum
736 2312 969 2360 comitatus,
996 2318 1037 2353 et
1061 2311 1153 2351 urbi

209 2378 444 2433 inprovisus
470 2376 605 2417 adest:
632 2375 806 2415 maculis
831 2388 957 2427 quem
980 2373 1184 2414 Thracius
1210 2373 1314 2413 albis

209 2448 348 2526 portat
371 2454 505 2493 equus
531 2437 738 2491 cristaque
764 2437 867 2492 tegit
890 2437 1013 2492 galea
1038 2451 1163 2476 aurea
1187 2435 1325 2476 1··ub1a.

143 2517 185 2548 50
211 2503 372 2557 ‘ecquis
397 2501 486 2550 erit,
516 2515 694 2549 mecum,
721 2499 906 2548 iuvenes,
938 2499 1010 2553 qui
1033 2498 1191 2553 primus
1216 2497 1258 2538 in
1284 2497 1468 2540 hostem?

212 2566 282 2609 en'
309 2565 366 2606 ait
391 2571 432 2605 et
456 2564 638 2604 iaculum
664 2569 904 2616 attorquens
930 2561 1080 2603 emittit
1103 2561 1143 2601 in
1170 2575 1305 2608 auras,

211 2627 459 2684 principium
485 2641 664 2681 pugnae,
691 2632 731 2667 et
756 2639 903 2679 campo
929 2639 1018 2665 sese
1045 2623 1198 2664 arduus
1222 2622 1359 2664 infert.

1659 1752 1660 1782 l

1657 1829 1660 1846 ι

1657 1891 1660 1909 ἰ

1656 1909 1660 1962 l
