1660 2847
96 284 160 315 565

94 594 159 625 570

92 907 156 937 575

92 1218 157 1250 580

92 1532 156 1563 585

93 1845 159 1876 590

94 2159 158 2190 595

96 2470 160 2501 600

188 100 272 142 228
601 110 642 145 Ρ.
665 109 873 146 VERGILI
898 110 1122 148 MARONIS

186 213 335 255 nobilis
360 219 402 255 et
425 212 538 255 fama
562 214 702 255 multis
726 222 980 256 memoratus
1004 215 1046 256 in
1071 215 1166 266 oris,

185 274 435 329 Ampsancti
459 275 606 324 valles3
632 276 769 317 densis
794 276 905 318 hunc
929 275 1145 318 frondibus
1170 284 1305 319 atrum

185 346 306 391 urget
330 337 536 391 utrimque
560 337 668 379 latus
692 338 871 379 nemoris
895 338 1115 392 medioque
1140 339 1332 395 fragosus

186 399 258 439 dat
282 400 461 440 sonitum
488 399 598 440 saxis
624 407 665 441 et
688 408 794 442 torto
819 401 972 442 vertice
997 408 1168 443 torrens.

185 460 252 502 hic
277 476 425 516 specus
451 461 702 503 horrendum
729 469 770 504 et
793 463 905 504 saevi
932 463 1138 518 spiracula
1160 463 1271 505 Ditis

185 530 467 565 monstrantur
491 532 697 578 ruptoque
721 525 868 579 ingens
893 525 1131 567 Acheronte
1156 541 1311 581 vorago

184 586 401 639 pestiferas
427 586 558 641 aperit
582 586 738 636 fauces,
763 587 855 641 quis
881 588 1047 628 condita
1071 589 1221 643 erinys,

183 647 363 689 invisum
387 664 555 697 numen,
581 655 709 690 terras
736 650 980 703 caelumque
1004 650 1181 691 levabat.

240 710 331 751 Nec
356 711 492 751 minus
517 711 675 752 interea
700 718 927 753 extremam
953 711 1149 754 Saturnia
1173 713 1280 754 bello

182 772 344 826 inponit
367 773 513 826 regina
538 788 719 815 manum.
769 774 851 814 ruit
875 775 1008 815 omnis
1033 774 1076 815 in
1101 775 1245 815 urbem

182 846 396 889 pastorum
421 850 471 876 ex
498 836 585 877 acie
610 851 807 878 numerus
834 851 1058 890 caesosque
1083 845 1294 891 reportant

182 897 407 938 Almonem
432 913 608 952 puerum
633 899 872 952 foedatique
898 914 970 939 ora
996 897 1165 940 Galaesi

183 959 489 1014 implorantque
516 961 615 1001 deos
641 961 984 1014 obtestanturque
1008 960 1220 1001 Latinum.

183 1021 352 1062 Turnus
379 1023 497 1063 adest
522 1022 741 1076 medioque
766 1023 808 1063 in
833 1023 1002 1064 crimine
1028 1023 1165 1064 caedIS
1192 1030 1229 1064 et
1255 1023 1341 1078 igni

182 1090 380 1125 terrorem
405 1085 650 1139 ingeminat:
678 1086 863 1126 Teucros
888 1085 931 1125 in
955 1100 1085 1140 regna
1108 1085 1260 1133 vocari,

182 1146 352 1201 stirpem
378 1147 595 1188 admisceri
619 1147 862 1202 Phrygiam,
888 1162 932 1189 se
957 1147 1097 1188 limine
1122 1147 1232 1202 pelli.

182 1215 284 1257 tum,
310 1223 487 1262 quorum
513 1210 710 1251 attonitae
735 1209 903 1251 Baccho
930 1224 1099 1251 nemora
1125 1211 1218 1251 avia
1243 1217 1394 1252 matres

181 1271 383 1311 insultant
407 1272 550 1312 thiasis
575 1274 729 1326 (neque
755 1272 863 1313 enim
889 1271 980 1313 leve
1006 1286 1157 1313 nomen
1182 1273 1377 1321 Amatae)

181 1333 365 1386 undique
391 1334 551 1374 collecti
577 1341 728 1375 coeunt
751 1333 1017 1388 Martemque
1047 1334 1237 1388 fatigant.

180 1396 292 1437 ilicet
314 1396 533 1437 infandum
559 1397 696 1438 cuncti
721 1404 864 1438 contra
888 1397 1026 1438 omina
1050 1397 1218 1446 bellum,

182 1466 325 1500 contra
349 1459 435 1500 fata
460 1459 597 1508 deum,
623 1474 818 1514 perverso
843 1460 1012 1501 numine
1037 1466 1225 1514 poscunt.

186 1522 372 1563 certatim
397 1523 506 1577 regis
532 1523 799 1563 circumstant
829 1529 937 1564 tecta
962 1522 1124 1563 Latini:

181 1585 250 1626 ille
275 1585 390 1626 velut
412 1586 551 1640 pelagi
575 1600 699 1640 rupes
723 1586 895 1626 immota
917 1585 1083 1634 resistit,

181 1653 227 1687 ut
251 1646 391 1701 pelagi
415 1662 538 1701 rupes
564 1661 716 1700 magno
741 1647 931 1688 veniente
955 1646 1135 1701 fragore,

182 1723 290 1762 quae
315 1724 418 1757 sese,
444 1709 584 1750 multis
610 1710 764 1750 circum
789 1709 1037 1750 latrantibus
1062 1708 1197 1758 undis,

183 1771 291 1813 mole
316 1778 446 1821 tenet3
473 1771 631 1826 scopuli
656 1772 910 1826 nequiquam
936 1778 975 1813 et
999 1786 1173 1826 spumea
1198 1770 1352 1812 circum

185 1849 286 1875 saxa
309 1834 491 1875 fremunt
515 1835 717 1888 laterique
741 1834 862 1875 inlisa
886 1834 1120 1876 refunditur
1145 1833 1252 1888 alga.

184 1911 329 1939 verum
353 1897 425 1938 ubi
449 1897 563 1937 nulla
588 1897 710 1938 datur
735 1911 905 1938 caecum
932 1911 1159 1951 exuperare
1184 1903 1366 1951 potestas

184 1959 401 2001 consilium
426 1967 467 2000 et
491 1974 640 2001 saevae
664 1967 769 2001 nutu
794 1959 965 2001 Iunonis
991 1965 1091 2000 eunt
1114 1973 1192 2006 res,

183 2023 315 2063 multa
339 2022 437 2063 deos
464 2037 669 2076 aurasque
693 2029 811 2078 pater
835 2029 1007 2064 testatus
1031 2021 1166 2063 inanis

184 2085 436 2139 ‘frangimur
460 2085 541 2126 heu
566 2085 680 2126 fatis’
705 2085 839 2139 inquit
864 2084 1137 2138 ‘ferimurque
1161 2084 1354 2138 procella.

182 2147 262 2203 ipsi
286 2147 361 2188 has
386 2147 587 2202 sacrilego
612 2148 801 2203 pendetis
826 2147 1028 2202 sanguine
1053 2161 1221 2202 poenas,

184 2225 208 2251 o
233 2210 384 2252 miseri.
432 2217 486 2259 te,
511 2211 668 2258 Turne,
692 2210 823 2259 nefas,
848 2217 888 2251 te
913 2211 1027 2251 triste
1051 2209 1233 2250 manebit

185 2272 434 2327 supplicium
461 2273 651 2326 votisque
677 2273 776 2313 deos
802 2272 1054 2314 venerabere
1079 2271 1193 2313 seris.

184 2350 282 2376 nam
306 2334 405 2375 mihi
430 2342 548 2389 parta
573 2335 703 2388 quies,
730 2335 947 2388 omnisque
971 2335 1014 2376 in
1037 2333 1177 2375 limine
1201 2340 1344 2388 portus
1353 2350 1364 2384 3

183 2396 330 2438 funere
355 2395 465 2437 felici
492 2396 672 2451 spolior?
719 2411 796 2438 nec
821 2397 940 2451 plura
964 2397 1125 2438 locutus

186 2459 340 2513 saepsit
365 2474 407 2499 se
433 2460 550 2499 tectis
575 2473 797 2512 rerumque
822 2459 990 2512 reliquit
1012 2458 1210 2499 habenas.

241 2521 339 2562 Mos
365 2528 452 2562 erat
478 2521 682 2576 Hesperio
707 2522 748 2562 in
774 2513 912 2570 Latio,
938 2536 1063 2576 quem
1087 2521 1274 2575 protinus
1298 2520 1422 2562 urbes

185 2584 379 2626 Albanae
405 2583 568 2625 coluere
593 2593 770 2634 sacrum,
796 2598 906 2626 nunc
931 2583 1112 2626 maxima
1135 2598 1273 2624 rerum
