1622 2847
497 127 789 164 GEORGICON
812 127 908 162 LIB.
935 127 1003 163 ΙΠ.

73 233 286 287 inparibus
312 233 456 274 ductos
482 233 564 273 alta
589 232 641 274 ad
666 232 837 273 donaria
862 246 1018 273 currus.

74 309 173 349 ergo
199 310 322 350 aegre
346 294 487 335 rastris
511 302 662 336 terram
687 294 888 335 rimantur
913 301 952 335 et
977 293 1076 348 ipsis

72 356 284 410 unguibus
308 355 516 396 infodiunt
539 356 682 410 fruges
707 355 1041 409 montisqueper
1067 354 1171 395 altos

73 425 265 459 contenta
289 418 448 459 cervice
473 418 643 458 trahunt
668 417 883 458 stridentia
907 417 1105 471 plaustra.

72 494 156 520 non
179 481 302 534 lupus
326 480 496 520 insidias
522 480 709 534 explorat
734 479 858 520 ovilia
883 479 1038 520 circum

72 556 149 582 nec
173 541 371 596 gregibus
395 550 621 582 nocturnus
647 541 907 590 obambulat3
934 541 1066 581 acrior
1090 540 1206 581 illum

12 621 17 623 ·
73 617 172 644 cura
197 603 348 644 domat.
400 604 533 644 timidi
559 604 750 644 dammae
776 604 970 657 cervique
995 602 1167 657 fugaces

71 680 183 706 nunc
206 666 394 719 interque
420 680 542 707 canes
568 674 609 706 et
632 666 787 706 circum
813 673 923 706 tecta
947 672 1164 719 vagantur.

71 728 155 768 iam
179 728 304 769 maris
328 728 519 769 immensi
544 728 700 783 prolem
727 736 765 769 et
791 743 924 783 genus
950 742 1070 768 omne
1096 734 1313 768 natantum

71 790 189 831 litore
214 790 256 830 in
282 798 465 832 extremo
491 805 566 831 ceu
591 790 798 844 naufraga
823 804 995 844 corpora
1020 790 1170 830 fluctus

71 851 224 906 proluit
232 868 243 901 3
268 852 456 894 insolitae
481 853 645 907 fugiunt
670 852 713 892 in
737 852 909 892 flumina
932 852 1104 906 phocae.

71 914 206 955 interit
234 921 273 956 et
299 915 434 955 curvis
461 915 613 955 frustra
639 914 810 955 defensa
834 914 1004 955 latebris

71 976 214 1030 vipera
238 984 278 1017 et
303 977 465 1018 attoniti
490 977 673 1030 squamis
699 976 958 1018 adstantibus
983 976 1118 1031 hydri.

70 1038 170 1092 ipsis
196 1046 257 1079 est
282 1054 351 1080 aer
376 1039 521 1080 avibus
547 1054 630 1080 non
656 1053 813 1092 aequus
839 1046 879 1079 et
903 1039 998 1079 illae

70 1101 316 1155 praecipites
341 1102 423 1142 alta
446 1102 575 1142 vitam
600 1101 678 1142 sub
703 1101 815 1142 nube
840 1101 1092 1154 relinquunt.

70 1172 284 1218 praeterea
308 1164 391 1204 iam
416 1179 492 1205 nec
516 1164 668 1204 mutari
693 1163 848 1218 pabula
871 1163 1010 1211 refert,

72 1226 367 1279 quaesitaeque
391 1234 541 1267 nocent
567 1234 694 1274 artes3
721 1240 882 1266 cessere
907 1224 1109 1279 magistri,

70 1287 322 1342 Phillyrides
349 1287 506 1329 Chiron
532 1288 925 1342 Amythaoniusque
950 1288 1204 1342 Melampus.

71 1350 203 1391 saevit
227 1357 266 1391 et
291 1349 334 1390 in
357 1350 493 1391 lucem
519 1350 679 1405 Stygiis
706 1351 855 1391 emissa
880 1350 1060 1391 tenebris

70 1411 225 1466 pallida
248 1412 477 1466 Tisiphone
502 1413 678 1453 Morbos
704 1413 790 1467 agit
816 1420 909 1453 ante
935 1412 1183 1465 Metumque

69 1474 195 1528 inque
220 1474 307 1515 dies
332 1475 498 1515 avidum
525 1490 698 1530 surgens
724 1483 848 1530 caput
875 1474 996 1515 altius
1021 1474 1150 1515 effert.

69 1536 213 1577 balatu
238 1552 433 1591 pecorum
459 1545 499 1579 et
524 1538 678 1579 crebris
703 1537 932 1592 mugitibus
958 1552 1099 1578 amnes

71 1607 315 1652 arentesque
340 1607 487 1641 sonant
511 1600 625 1655 ripae
650 1600 859 1653 collesque
885 1599 1034 1654 supini.

69 1661 236 1715 iamque
261 1662 502 1703 catervatim
527 1663 597 1703 dat
622 1671 804 1717 stragem
829 1670 953 1716 atque
979 1670 1152 1717 aggerat
1176 1661 1277 1716 ipsis

70 1724 112 1765 in
138 1724 311 1765 stabulis
337 1725 447 1780 turpi
472 1725 631 1780 dilapsa
657 1725 861 1765 cadavera
885 1724 997 1773 tabo,

72 1786 203 1827 donec
227 1786 354 1827 humo
380 1795 519 1842 tegere
545 1803 593 1828 ac
618 1787 750 1828 foveis
777 1787 1033 1828 abscondere
1060 1786 1236 1827 discunt.

71 1864 167 1889 nam
191 1863 327 1902 neque
353 1858 440 1890 erat
465 1850 585 1890 coriis
610 1865 709 1890 usus
735 1864 813 1890 nec
837 1849 997 1890 viscera
1021 1849 1243 1902 quisquam

71 1917 143 1951 aut
166 1910 287 1951 undis
313 1910 476 1952 abolere
501 1919 634 1966 potest
660 1919 731 1952 aut
756 1911 921 1952 vincere
949 1911 1129 1951 flamma.

71 1988 123 2015 ne
147 1974 317 2015 tondere
342 1974 509 2027 quidem
535 1974 679 2015 morbo
705 1974 943 2027 inluvieque
967 1989 1114 2028 peresa

71 2035 226 2077 vellera
249 2049 327 2076 nec
351 2035 454 2077 telas
479 2043 653 2090 possunt
678 2036 881 2090 attingere
906 2036 1056 2089 putris3

71 2112 216 2139 verum
241 2097 364 2139 etiam
389 2098 543 2139 invisos
570 2099 698 2152 siquis
724 2106 944 2152 temptarat
969 2098 1158 2147 amictus,

72 2160 262 2201 ardentes
286 2161 465 2215 papulae
491 2168 615 2214 atque
640 2160 880 2201 immundus
906 2160 1059 2201 olentia
1084 2161 1210 2201 sudor

72 2222 259 2264 membra
284 2223 548 2276 sequebatur,
573 2238 651 2264 nec
675 2223 800 2278 longo
827 2223 977 2264 deinde
1003 2223 1179 2264 moranti

72 2291 256 2340 tempore
282 2292 492 2327 contactos
519 2294 632 2326 artus
658 2300 773 2327 sacer
797 2285 906 2340 ignis
931 2285 1094 2327 edebat.

1369 117 1418 159 71

1446 361 1509 392 535

1446 672 1510 702 540

1446 984 1509 1014 545

1445 1295 1510 1325 550

1445 1606 1508 1636 555

1444 1917 1508 1948 560

1443 2231 1506 2260 565
