1660 2847
171 439 236 470 600

170 752 233 783 605

168 1065 233 1096 610

167 1378 231 1410 615

167 1691 231 1723 620

167 2005 230 2036 625

168 2318 233 2349 630

169 2630 232 2661 635

261 129 346 172 250
673 138 713 176 P.
733 138 944 177 VERGILI
967 140 1192 178 MARONIS

262 248 325 284 est
347 242 495 298 ingens
520 243 707 299 gelidum
730 244 849 285 lucus
874 259 1003 299 prope
1029 243 1205 287 Caeritis
1231 261 1409 297 amnem,

260 305 475 360 relligione
500 312 666 360 patrum
690 306 772 346 late
798 321 932 356 sacer3
957 306 1141 360 undique
1166 308 1291 349 colles

259 366 463 409 inclusere
488 368 578 409 cavi
603 374 645 408 et
667 367 787 422 nigra
811 383 957 409 nemus
983 369 1116 410 abiete
1141 369 1329 424 cingunt.

262 429 433 471 Silvano
459 430 571 471 fama
595 436 656 471 est
680 437 839 472 veteres
865 446 1049 473 sacrasse
1072 431 1290 487 Pelasgos,

260 507 454 532 arvorum
479 492 724 546 pecorisque
749 493 841 543 deo,
866 494 1090 548 lucumque
1115 495 1323 549 diemque,

260 554 332 607 qui
356 554 477 609 primi
501 554 594 595 finis
619 555 840 608 aliquando
867 556 1048 598 habuere
1073 556 1264 599 Latinos.

259 616 372 658 haud
396 618 540 672 procul
565 617 660 658 hinc
685 618 849 659 Tarcho
875 625 915 660 et
939 619 1147 674 Tyrrheni
1171 626 1260 661 tuta
1284 619 1482 662 tenebant

259 686 394 720 castra
418 679 519 720 locis
544 680 738 733 celsoque
763 681 896 722 omnis
923 681 974 722 de
998 682 1102 723 colle
1127 682 1259 723 videri

259 742 342 782 iam
366 748 529 796 poterat
552 742 662 797 legio
688 749 729 784 et
752 744 845 784 latis
871 744 1068 785 tendebat
1091 744 1135 785 in
1159 745 1279 786 arvis.

259 804 341 844 huc
367 810 485 858 pater
509 805 677 846 Aeneas
703 812 744 846 et
768 805 876 846 bello
900 806 1008 847 lecta
1032 806 1224 847 iuventus

258 867 488 907 succedunt
513 866 696 921 fessique
722 874 762 908 et
787 882 915 921 equos
941 876 982 909 et
1006 883 1180 922 corpora
1205 874 1362 909 curant.

314 929 376 969 At
399 929 544 971 Venus
570 929 773 971 aetherios
799 930 904 971 inter
929 931 1007 972 dea
1031 931 1208 972 candida
1232 931 1395 971 nimbos

259 991 367 1032 dona
391 992 529 1033 ferens
554 992 716 1041 aderat3
741 999 969 1046 natumque
994 994 1037 1033 in
1061 993 1168 1034 valle
1193 993 1365 1034 reducta

257 1061 303 1095 ut
326 1055 470 1109 procul
496 1055 657 1108 egelido
682 1061 886 1096 secretum
912 1055 1081 1096 flumine
1106 1055 1222 1104 vidit,

255 1117 408 1158 talibus
434 1117 575 1158 adfata
599 1124 660 1158 est
685 1117 805 1159 dictis
830 1132 958 1171 seque
983 1118 1133 1159 obtulit
1155 1118 1283 1159 ultro:

258 1184 330 1221 ‘en
354 1179 541 1234 perfecta
565 1180 647 1221 mei
671 1180 874 1235 promissa
899 1181 1088 1235 coniugis
1114 1187 1200 1222 arte

255 1257 442 1290 munera,
467 1257 520 1283 ne
544 1257 641 1283 mox
667 1250 738 1283 aut
761 1242 999 1292 Laurentis,
1024 1248 1132 1291 nate,
1158 1242 1373 1297 superbos,

256 1312 330 1346 aut
354 1320 490 1346 acrem
515 1305 679 1346 dubites
704 1305 747 1345 in
772 1305 930 1359 proelia
953 1319 1124 1359 poscere
1149 1304 1366 1346 Turnum.’

257 1367 362 1408 dixit
385 1374 427 1409 et
451 1367 667 1422 amplexus
693 1367 780 1407 nati
807 1365 1017 1421 Cytherea
1041 1367 1199 1422 petivit,

255 1446 371 1472 arma
395 1430 473 1471 sub
498 1430 674 1471 adversa
698 1430 838 1485 posuit
860 1430 1064 1470 radiantia
1089 1444 1259 1483 quercu.

254 1494 337 1542 ille,
363 1493 465 1534 deae
491 1492 608 1533 donis
635 1499 675 1533 et
699 1498 812 1533 tanto
837 1492 970 1533 laetus
996 1492 1165 1541 honore,

257 1555 413 1610 expleri
437 1555 581 1608 nequit
606 1561 730 1608 atque
756 1554 898 1595 oculos
923 1569 997 1609 per
1022 1554 1188 1609 singula
1211 1552 1342 1595 volvit

255 1618 510 1670 miraturque
534 1617 725 1670 interque
749 1632 897 1657 manus
925 1623 966 1657 et
990 1616 1184 1657 bracchia
1207 1622 1347 1657 versat

255 1680 482 1722 terribilem
507 1679 638 1721 cristis
665 1679 829 1734 galeam
853 1679 1126 1732 flammasque
1150 1684 1388 1719 vomentem

255 1743 551 1795 fatiferumque
577 1756 732 1791 ensem,
757 1741 928 1782 loricam
953 1756 1004 1782 ex
1030 1756 1124 1782 aere
1149 1740 1366 1794 rigentem,

255 1805 544 1860 sanguineam,
569 1804 795 1858 ingentem,
821 1803 955 1856 qualis
981 1817 1076 1844 cum
1101 1803 1267 1844 caerula
1290 1802 1422 1843 nubes

257 1868 353 1909 solis
378 1866 601 1908 inardescit
624 1865 748 1906 radiis
772 1866 981 1921 longeque
1005 1865 1183 1920 refulget
1192 1881 1202 1914 3

256 1937 344 1971 tum
369 1929 471 1971 levis
498 1943 642 1970 ocreas
668 1928 818 1969 electro
844 1942 1028 1981 auroque
1052 1934 1216 1968 recocto

254 1993 500 2045 hastamque
527 1997 567 2031 et
592 1990 713 2045 clipei
737 2004 820 2030 non
846 1989 1076 2031 enarrabile
1101 1996 1274 2030 textum.

255 2056 338 2097 illic
363 2069 427 2095 res
452 2054 579 2094 Italas
605 2053 975 2105 Romanorumque
1000 2051 1230 2105 triumphos

256 2118 368 2159 haud
394 2123 536 2158 vatum
559 2116 729 2170 ignarus
755 2115 1000 2168 venturique
1025 2114 1177 2155 inscius
1203 2112 1294 2154 aevi

255 2182 412 2222 fecerat
434 2179 684 2233 ignipotens,
709 2178 792 2218 illic
817 2192 948 2230 genus
973 2191 1095 2218 omne
1119 2176 1283 2216 futurae

260 2242 398 2297 stirpis
424 2242 476 2282 ab
501 2240 686 2281 Ascanio
711 2246 981 2294 pugnataque
1005 2239 1045 2279 in
1071 2238 1214 2279 ordine
1238 2237 1362 2278 bella.

257 2306 414 2347 fecerat
438 2310 478 2344 et
502 2302 623 2344 viridi
648 2301 776 2343 fetam
800 2301 1005 2342 Mavortis
1029 2301 1071 2341 in
1097 2307 1215 2341 antro

256 2366 529 2423 procubuisse
551 2366 707 2420 lupam,
733 2364 919 2419 geminos
944 2363 1040 2404 huic
1064 2362 1194 2403 ubera
1218 2361 1374 2403 circum

255 2431 399 2472 ludere
424 2427 641 2483 pendentis
666 2441 816 2481 pueros
842 2432 882 2467 et
904 2425 1088 2466 lambere
1113 2431 1288 2466 matrem

257 2492 489 2548 inpavidos,
515 2491 628 2531 illam
653 2489 772 2531 tereti
797 2489 958 2530 cervice
982 2488 1136 2530 reflexa

257 2556 440 2597 mulcere
466 2554 645 2594 alternos
671 2559 709 2593 et
736 2566 909 2606 corpora
931 2551 1090 2606 fingere
1114 2550 1270 2604 lingua.

256 2632 333 2660 nec
357 2616 502 2672 procul
527 2615 623 2656 hinc
647 2614 828 2655 Romam
853 2619 894 2655 et
917 2620 1056 2668 raptas
1082 2612 1169 2653 sine
1193 2626 1306 2652 more
1334 2609 1512 2651 Sabinas
