1628 2847
151 265 215 296 845

150 586 214 617 850

150 899 213 929 855

150 1211 216 1242 860

152 1523 215 1555 865

153 1837 218 1868 870

156 2150 220 2181 875

155 2463 221 2493 880

241 148 325 190 344
655 157 698 193 Ρ.
720 157 929 194 VERGILI
953 157 1177 194 MARONIS

241 262 436 304 dicuntur
460 262 651 316 geminae
676 269 812 317 pestes
839 263 1084 316 cognomine
1109 262 1252 310 Dirae,

241 340 345 379 quas
370 332 411 367 et
435 325 678 366 Tartaream
704 325 797 365 Nox
822 324 1067 379 intempesta
1093 325 1337 379 Megaeram

240 403 324 429 uno
350 387 579 441 eodemque
604 387 698 428 tulit
722 395 842 442 partu
867 387 1120 441 paribusque
1145 385 1339 428 revinxit

239 457 479 505 serpentum
505 449 624 504 spiris
649 457 924 502 ventosasque
950 449 1108 489 addidit
1133 449 1232 490 alas.

240 513 317 554 hae
342 512 456 553 Iovis
481 512 534 553 ad
559 511 709 553 solium
734 511 930 564 saevique
954 511 994 551 in
1021 511 1161 553 limine
1189 512 1299 566 regis

239 582 441 631 apparent
466 581 702 628 acuuntque
726 581 883 615 metum
908 574 1151 614 mortalibus
1176 575 1326 629 aegris,

239 637 444 691 siquando
468 637 597 678 letum
623 636 860 677 horrificum
886 635 1137 690 morbosque
1162 635 1285 678 deum
1311 651 1384 677 rex

241 700 409 741 molitur
433 699 601 740 meritas
626 705 699 740 aut
722 698 832 740 bello
857 698 1017 740 territat
1039 698 1177 739 urbes.

240 762 386 803 harum
412 776 539 803 unam
564 761 740 802 celerem
766 760 931 802 demisit
955 760 1008 801 ab
1033 761 1199 802 aethere
1223 775 1385 801 summo

240 824 429 880 Iuppiter
453 824 579 877 inque
604 838 725 865 omen
750 823 949 864 Iuturnae
974 837 1190 864 occurrere
1213 822 1344 864 iussit.

238 887 309 928 illa
334 886 447 928 volat
472 886 678 940 celerique
703 885 756 926 ad
781 892 932 926 terram
958 885 1121 926 turbine
1145 886 1294 926 fertur:

240 964 322 991 non
348 964 467 991 secus
493 963 541 990 ac
566 963 694 990 nervo
718 962 793 1003 per
816 948 970 989 nubem
997 947 1160 1002 inpulsa
1185 949 1350 1003 sagitta,

240 1019 441 1053 armatam
467 1011 580 1052 saevi
605 1011 787 1052 Parthus
813 1024 937 1064 quam
964 1010 1058 1051 felle
1084 1010 1246 1059 veneni,

240 1074 421 1115 Parthus
447 1074 533 1115 sive
560 1072 725 1128 Cydon,
751 1073 878 1114 telum
903 1072 1206 1121 inmedicabile,
1232 1072 1362 1122 torsit,

241 1137 419 1178 stridens
445 1143 486 1178 et
511 1136 654 1178 celeris
679 1135 891 1190 incognita
917 1135 1093 1176 transilit
1117 1135 1305 1184 umbras3

240 1200 332 1241 talis
358 1215 401 1241 se
427 1206 516 1240 sata
540 1199 673 1240 Nocte
698 1199 792 1239 tulit
815 1205 1030 1251 terrasque
1053 1198 1212 1252 petivit.

241 1269 461 1318 postquam
488 1261 596 1303 acies
622 1261 735 1302 videt.
759 1260 907 1302 Iliacas
933 1268 1057 1313 atque
1082 1260 1250 1315 agmina
1273 1259 1418 1308 Turni,

241 1325 347 1366 alitis
372 1325 415 1365 in
440 1339 593 1379 parvae
619 1323 799 1365 subitam
825 1323 998 1365 collecta
1020 1323 1212 1378 figuram,

241 1402 349 1442 quae
374 1386 586 1441 quondam
610 1386 653 1427 in
679 1386 809 1426 bustis
835 1392 907 1426 aut
931 1385 1180 1426 culminibus
1207 1384 1379 1426 desertis

241 1457 363 1491 nocte
389 1449 538 1490 sedens
564 1464 702 1490 serum
728 1448 839 1490 canit
861 1448 1084 1503 inportuna
1107 1462 1182 1503 per
1206 1447 1389 1496 umbras,

242 1512 349 1554 hanc
375 1527 495 1553 versa
519 1511 561 1552 in
586 1511 736 1552 faciem
761 1510 893 1551 Turni
919 1525 962 1552 se
987 1511 1114 1565 pestis
1140 1510 1193 1551 ob
1219 1525 1291 1551 ora

242 1576 406 1628 fertque
430 1574 640 1628 refertque
665 1588 817 1615 sonans
843 1573 1105 1628 clipeumque
1131 1573 1347 1615 everberat
1370 1572 1458 1613 alis.

240 1638 299 1679 illi
324 1637 513 1679 membra
535 1652 670 1678 novus
695 1636 817 1677 solvit
841 1635 1061 1677 formidine
1086 1642 1239 1690 torpor,

241 1707 508 1753 arrectaeque
533 1699 703 1740 horrore
727 1714 869 1740 comae
895 1706 935 1744 et
958 1713 1039 1739 vox
1064 1698 1256 1739 faucibus
1280 1697 1425 1739 haesit.

242 1770 296 1813 at,
323 1763 467 1818 procul
492 1769 538 1803 ut
561 1762 690 1802 Dirae
717 1761 933 1802 stridorem
959 1761 1127 1816 agnovit
1153 1768 1194 1802 et
1217 1761 1318 1811 alas,

243 1826 387 1867 infelix
413 1824 536 1866 crinis
561 1824 712 1866 scindit
736 1824 911 1864 Iuturna
935 1823 1103 1872 solutos,

242 1888 455 1943 unguibus
480 1902 552 1928 ora
576 1901 691 1928 soror
715 1887 888 1927 foedans
913 1893 954 1927 et
977 1892 1146 1940 pectora
1170 1885 1341 1941 pugnis:

243 1951 364 2005 ‘quid
388 1964 499 1991 nunc
524 1957 564 1991 te
589 1956 674 1998 tua,
700 1949 856 1997 Turne,
881 1955 1017 2004 potest
1040 1963 1240 2003 germana
1265 1947 1432 1989 iuvare?

244 2019 316 2055 aut
341 2012 440 2067 quid
465 2012 546 2053 iam
572 2012 700 2053 durae
726 2017 896 2066 superat
919 2010 1044 2051 mihi?
1073 2024 1157 2064 qua
1181 2010 1257 2051 tibi
1280 2010 1415 2051 lucem

244 2083 330 2117 arte
355 2076 513 2116 morer?
539 2074 638 2115 talin
664 2089 834 2129 possum
860 2089 926 2115 me
951 2087 1160 2128 opponere
1185 2073 1393 2113 monstro?

246 2138 330 2180 iam
354 2138 436 2179 iam
461 2137 603 2191 linquo
629 2137 750 2178 acies.
797 2151 850 2178 ne
876 2151 941 2177 me
966 2142 1115 2177 terrete
1139 2134 1366 2184 timentem,

245 2201 450 2243 obscenae
475 2200 683 2241 volucres:
710 2198 868 2240 alarum
893 2198 1068 2239 verbera
1091 2211 1217 2239 nosco

244 2263 493 2317 letalemque
519 2277 680 2312 sonum,
706 2276 783 2303 nec
808 2261 957 2302 fallunt
980 2260 1093 2301 iussa
1118 2259 1298 2315 superba

245 2325 501 2381 magnanimi
526 2324 651 2365 Iovis.
700 2324 804 2365 haec
828 2337 904 2378 pro
929 2322 1165 2377 virginitate
1190 2321 1377 2377 reponit?

243 2402 326 2442 quo
352 2388 480 2428 vitam
506 2386 618 2428 dedit
645 2387 881 2428 aeternam?
906 2400 980 2427 cur
1004 2385 1147 2426 mortis
1172 2385 1366 2439 adempta
1389 2390 1452 2426 est

246 2450 458 2492 condicio?
483 2464 646 2504 possem
673 2456 808 2490 tantos
833 2448 949 2489 finire
975 2447 1136 2488 dolores

245 2527 358 2554 nunc
383 2519 492 2554 certe
518 2519 559 2553 et
582 2512 732 2553 misero
757 2510 874 2552 fratri
901 2525 1038 2551 comes
1064 2509 1122 2551 ire
1147 2524 1221 2564 per
1244 2508 1432 2550 umbras!

246 2574 474 2616 inmortalis
500 2575 604 2629 ego?
629 2581 699 2615 aut
725 2573 948 2628 quicquam
974 2572 1074 2613 mihi
1099 2572 1220 2613 dulce
1245 2586 1432 2613 meorum

248 2645 287 2679 te
313 2637 414 2687 sine,
441 2636 578 2685 frater,
605 2636 705 2678 crit?
730 2651 754 2676 o
779 2650 885 2690 quae
911 2635 1009 2676 satis
1035 2634 1117 2675 alta
1142 2633 1329 2676 dehiscat
