1660 2847
174 385 238 417 640

172 697 235 728 645

264 137 350 179 270
676 146 719 182 Ρ.
739 145 948 184 VERGILI
972 146 1149 185 MARON
1152 147 1197 184 IS

265 253 419 292 ‘macte
442 264 552 292 nova
575 249 741 300 virtute,
766 265 888 306 puer:
915 251 973 292 sic
997 251 1079 292 itur
1103 251 1156 293 ad
1181 258 1304 300 astra,

263 312 326 353 dis
349 312 489 367 genite
514 319 555 353 et
577 312 766 366 geniture
791 313 904 355 deos.
952 312 1041 355 iure
1066 314 1204 355 omnia
1229 314 1338 356 bella

262 381 386 429 gente
411 374 489 415 sub
515 374 712 416 Assaraci
735 374 822 416 fato
847 381 1022 417 ventura
1046 376 1245 425 resident3

261 451 339 478 nec
363 443 403 478 te
428 436 554 477 Troia
578 436 714 491 capit.’
761 437 883 478 simul
908 437 1012 479 haec
1037 437 1185 479 effatus
1210 439 1264 479 ab
1288 438 1372 479 alto

263 498 429 541 aethere
454 513 497 540 se
520 498 658 547 mittit,
684 499 878 554 spirantis
904 499 1084 541 dimovet
1110 516 1230 541 auras

261 560 577 613 Ascaniumque
602 561 717 615 petit.
766 561 943 602 formam
969 569 1057 602 tum
1082 563 1254 604 vertitur
1278 563 1359 603 oris

262 623 479 677 antiquum
503 622 545 662 in
568 623 721 664 Buten.
773 622 840 664 hio
864 623 1080 665 Dardanio
1106 624 1318 666 Anchisae

260 685 440 739 armiger
465 691 559 726 ante
583 684 663 725 fuit
685 685 876 739 fidusque
902 686 956 726 ad
979 686 1122 728 limina
1147 693 1304 735 cust0s3

262 756 349 789 tum
375 747 568 788 comitem
594 747 778 788 Ascanio
803 753 921 802 pater
948 748 1120 789 addidit.
1168 748 1253 789 ibat
1280 748 1433 803 Apollo

261 809 399 850 omnia
423 809 628 863 longaevo
654 809 812 858 similis,
837 824 1066 864 vocemque
1092 810 1355 864 coloremque

261 879 302 913 et
326 871 448 912 crinis
473 871 588 912 albos
615 877 655 912 et
679 886 804 912 saeva
828 872 1046 913 sonoribus
1072 887 1199 921 arma,

216 959 220 966 r
261 941 385 987 atque
410 933 474 974 his
500 933 714 974 ardentem
739 933 859 974 dictis
885 934 1052 974 adfatur
1079 934 1237 975 Iulum:

171 1008 235 1039 650

169 1320 232 1351 655

168 1634 232 1664 660

167 1946 230 1978 665

168 2261 232 2291 670

260 996 333 1037 ‘sit
357 995 469 1044 satis,
496 995 674 1044 Aenide,
701 995 792 1036 telis
818 995 972 1050 inpune
997 996 1239 1037 Numanum

259 1058 483 1113 oppetiisse
508 1057 608 1098 tuis:
634 1057 810 1112 primam
837 1058 943 1099 hanc
969 1057 1045 1098 tibi
1070 1073 1247 1113 magnus
1274 1058 1428 1112 Apollo

260 1120 449 1162 concedit
471 1119 638 1161 laudem
664 1126 704 1161 et
729 1119 900 1174 paribus
924 1135 1008 1161 non
1032 1120 1192 1161 invidet
1217 1120 1360 1161 armis:

259 1190 395 1225 cetera
418 1196 555 1237 parce,
580 1196 695 1237 puer,
721 1182 857 1223 bello?
906 1182 964 1223 sic
989 1197 1107 1224 orsus
1133 1182 1289 1237 Apollo

258 1244 442 1286 mortalis
467 1243 604 1285 medio
632 1250 825 1298 aspectus
851 1259 1040 1286 sermone
1065 1244 1232 1298 reliquit

259 1315 300 1349 et
322 1306 467 1362 procul
490 1306 533 1347 in
558 1313 725 1347 tenuem
751 1321 801 1347 ex
827 1306 956 1347 oculis
981 1306 1150 1347 evanuit
1174 1321 1331 1348 auram.

258 1371 494 1425 adgnovere
520 1368 645 1410 deum
668 1382 860 1423 proceres
887 1368 1109 1422 divinaque
1135 1369 1217 1410 tela

256 1431 526 1474 Dardanidae
551 1431 871 1486 pharetramque
896 1431 998 1486 fuga
1022 1446 1188 1473 sensere
1213 1437 1441 1472 sonantem.

258 1510 357 1550 ergo
383 1494 552 1535 avidum
576 1508 744 1548 pugnae
770 1493 890 1534 dictis
915 1508 963 1535 ac
987 1494 1157 1536 numine
1181 1493 1344 1534 Phoebi

256 1557 489 1599 Ascanium
513 1556 746 1611 prohibent,
772 1556 851 1610 ipsi
874 1556 917 1597 in
942 1556 1167 1597 certamina
1191 1570 1332 1596 rursus

258 1619 488 1663 succedunt
512 1619 754 1672 animasque
779 1618 821 1659 in
847 1626 990 1673 aperta
1014 1618 1201 1673 pericula
1226 1618 1407 1658 mittunt.

258 1685 290 1725 it
315 1683 472 1725 clamor
495 1681 591 1722 totis
616 1696 690 1736 per
715 1681 1030 1736 propugnacula
1054 1682 1196 1730 muris,

256 1745 477 1788 intendunt
501 1743 606 1785 acris
631 1758 751 1784 arcus
777 1751 1070 1797 ammentaque
1095 1749 1301 1797 torquent.

256 1808 452 1850 sternitur
476 1821 598 1847 omne
624 1807 758 1847 solum
783 1807 887 1854 telis,
913 1812 1002 1846 tum
1027 1812 1145 1847 scuta
1169 1819 1381 1859 cavaeque
1428 1836 1431 1838 ψ

256 1872 358 1913 dant
380 1869 560 1911 sonitum
584 1869 698 1910 flictu
723 1868 879 1923 galeae,
905 1883 1049 1924 pugna
1074 1883 1220 1923 aspera
1245 1867 1391 1922 surgit,

256 1940 436 1988 quantus
461 1932 515 1973 ab
540 1945 689 1973 occasu
715 1931 886 1973 veniens
911 1931 1163 1986 pluvialibus
1188 1930 1331 1972 haedis

255 1997 449 2039 verberat
471 1995 604 2035 imber
628 1993 815 2043 humum,
842 2008 967 2047 quam
992 1993 1124 2035 multa
1147 1993 1351 2048 grandine
1375 1991 1505 2032 nimbi

254 2060 298 2101 in
322 2058 430 2100 vada
453 2056 741 2112 praecipitant,
767 2071 863 2097 cum
887 2055 1076 2111 Iuppiter
1099 2055 1290 2097 horridus
1317 2054 1465 2096 austris

257 2128 421 2175 torquet
445 2134 647 2173 aquosam
671 2119 850 2160 hiemem
876 2126 915 2159 et
940 2119 1054 2160 caelo
1079 2133 1183 2160 cava
1206 2117 1350 2158 nubila
1373 2116 1539 2173 rumpit.

311 2183 532 2225 Pandarus
558 2188 597 2223 et
622 2182 766 2230 Bitias,
793 2181 920 2222 Idaeo
947 2181 1159 2222 Alcanore
1184 2179 1297 2229 creti,

257 2261 361 2301 quos
385 2245 498 2287 Iovis
524 2244 667 2286 eduxit
690 2244 785 2284 luco
812 2243 1009 2284 silvestris
1034 2244 1166 2292 Iaera,

257 2308 463 2350 abietibus
487 2308 658 2348 iuvenes
684 2306 826 2361 patriis
853 2312 894 2347 et
917 2306 1127 2347 montibus
1153 2319 1322 2359 aequos,

257 2378 432 2427 portam,
458 2385 565 2424 quae
591 2369 706 2410 ducis
731 2369 903 2423 imperio
930 2368 1162 2417 commissa,
1188 2367 1420 2417 recludunt,

257 2434 352 2475 freti
377 2433 537 2481 animis,
563 2432 754 2485 ultroque
778 2431 956 2472 invitant
980 2431 1197 2471 moenibus
1222 2430 1395 2471 hostem.

257 2497 335 2552 ipsi
360 2496 470 2537 intus
496 2495 640 2536 dextra
664 2509 712 2535 ac
736 2495 856 2535 laeva
880 2509 955 2548 pro
980 2493 1162 2534 turribus
1188 2493 1366 2542 adstant,

170 2573 233 2603 675
259 2559 405 2601 armati
430 2558 538 2599 ferro
565 2564 605 2598 et
630 2557 761 2598 cristis
787 2557 922 2611 capita
948 2557 1031 2597 alta
1056 2556 1234 2597 corusci:

259 2622 403 2676 quales
428 2620 562 2663 aeriae
586 2619 786 2673 liquentia
811 2619 982 2660 flumina
1005 2618 1173 2668 circum,
