1660 2847
552 148 806 187 AENEIDOS
829 115 927 185 LIB.
951 146 996 184 V.

104 255 302 297 fundatur
326 254 481 298 Veneri
505 254 664 296 Idaliae
688 253 932 307 tumuloque
957 252 1150 295 sacerdos

103 333 152 360 ac
176 319 294 360 lucus
318 318 400 359 late
425 331 541 358 sacer
565 316 731 357 additur
754 315 981 357 Anchiseo,

159 380 334 434 Iamque
359 379 445 421 dies
472 379 639 434 epulata
663 393 815 420 novem
838 392 941 432 gens
967 377 1102 418 omnis
1127 384 1168 418 et
1192 377 1273 419 aris

102 441 237 483 factus
262 442 410 483 honos:
436 441 590 496 placidi
615 447 851 482 straverunt
876 454 1057 493 aequora
1082 439 1206 488 venti,

103 504 247 546 creber
271 510 312 546 et
336 503 550 558 adspirans
575 518 717 544 rursus
742 509 865 544 vocat
887 508 1026 543 auster
1049 501 1092 542 in
1119 502 1262 543 altum.

104 566 287 608 exoritur
309 580 516 620 procurva
540 566 687 620 ingens
712 580 787 620 per
810 564 931 605 litora
954 564 1089 612 fletus,

103 627 309 683 complexi
332 628 439 669 inter
463 642 506 669 se
529 634 778 681 noctemque
804 627 996 680 diemque
1021 633 1248 667 morantur.

102 690 217 744 ipsae
241 690 323 730 iam
350 696 514 739 matres,
540 690 632 745 ipsi,
658 690 809 743 quibus
836 703 983 743 aspera
1008 689 1219 742 quondam

103 752 191 792 visa
215 752 339 793 maris
363 752 490 793 facies
515 759 557 793 et
579 766 663 792 non
687 751 901 793 tolerabile
925 765 1091 799 nomen,

101 813 162 855 ire
185 814 331 855 volunt
355 828 605 868 omnemque
629 814 756 868 fugae
782 814 965 868 perferre
989 813 1188 854 laborem.

102 890 206 929 quos
231 877 364 917 bonus
389 877 558 917 Aeneas
583 876 703 917 dictis
729 876 886 917 solatur
909 875 1052 916 amicis

103 944 143 979 et
167 938 478 993 consanguineo
503 938 725 980 lacrimans
751 938 1015 979 commendat
1039 938 1235 978 Acestae.

102 999 174 1040 tris
199 999 326 1055 Eryci
351 1001 500 1041 vitulos
525 1008 566 1042 et
589 1000 927 1055 Tempestatibus
953 1015 1106 1054 agnam

103 1062 276 1103 caedere
301 1062 449 1104 deinde
475 1063 590 1103 iubet
614 1063 801 1115 solvique
827 1077 878 1103 ex
903 1062 1047 1102 ordine
1072 1062 1230 1102 funem.

101 1123 204 1178 ipse,
230 1131 355 1178 caput
379 1132 521 1165 tonsae
546 1124 654 1164 foliis
680 1124 868 1165 evinctus
894 1123 1040 1171 olivae,

102 1193 215 1226 stans
240 1186 384 1240 procul
408 1186 450 1226 in
474 1200 597 1240 prora
620 1193 806 1240 pateram
832 1193 945 1227 tenet
970 1193 1148 1238 extaque
1174 1185 1303 1226 salsos

101 1248 270 1302 porricit
293 1248 336 1288 in
359 1249 509 1290 fluctus
535 1263 583 1289 ac
608 1249 704 1289 vina
727 1248 927 1301 liquentia
951 1248 1099 1289 fundit..

101 1311 365 1365 prosequitur
388 1326 562 1365 surgens
588 1326 613 1351 a
636 1310 765 1365 puppi
789 1317 939 1352 ventus
965 1310 1118 1358 euntis,

103 1373 289 1414 certat-im
315 1373 414 1414 socii
438 1373 591 1413 feriunt
616 1388 730 1413 mare
755 1379 796 1413 et
821 1386 1002 1426 aequora
1026 1379 1208 1413 verrunt.

158 1435 220 1475 At
244 1435 389 1477 Venus
414 1435 571 1476 interea
596 1435 840 1489 Neptunum
865 1435 1046 1476 exercita
1072 1434 1181 1475 curis

103 1497 339 1551 adloquitur
364 1498 539 1551 talisque
564 1497 741 1538 effundit
764 1504 931 1552 pectore
957 1504 1147 1551 questus:

102 1559 295 1600 ‘Iunonis
321 1560 460 1614 gravis
485 1560 546 1600 ira
569 1574 646 1601 nec
673 1560 928 1600 exaturabile
952 1566 1098 1614 pectus

103 1628 258 1676 cogunt
282 1636 361 1670 me,
386 1622 593 1676 Neptune,
619 1637 762 1676 preces
789 1622 1041 1663 descendere
1065 1621 1108 1661 in
1133 1621 1285 1669 omnis3

103 1698 228 1737 quam
252 1698 329 1724 nec
352 1684 479 1738 longa
504 1684 604 1732 dies,
629 1684 761 1738 pietas
786 1698 863 1725 nec
888 1684 1052 1738 mitigat
1076 1684 1173 1732 ulla,

101 1760 179 1787 nec
202 1745 314 1786 Iovis
338 1746 510 1800 imperio
535 1745 715 1798 fatisque
739 1746 917 1787 infracta
940 1745 1127 1799 quiescit.

102 1822 186 1848 non
210 1807 346 1848 media
370 1808 421 1849 de
445 1814 569 1862 gente
593 1807 814 1862 Phrygum
839 1807 1026 1849 exedisse
1051 1807 1242 1848 nefandis

104 1870 250 1911 urbem
275 1870 379 1910 odiis
405 1870 503 1911 satis
530 1878 591 1911 est
615 1884 691 1911 nec
715 1885 894 1924 poenam
920 1878 1035 1911 traxe
1059 1885 1134 1924 per
1158 1884 1341 1910 omnem:

103 1931 313 1986 relliquias
337 1931 503 1981 Troiae,
530 1932 685 1973 cineres
713 1940 837 1986 atque
862 1947 957 1973 ossa
981 1938 1220 1986 peremptae

104 1994 346 2048 insequitur.
395 2009 541 2035 causas
567 1995 670 2034 tanti
695 1994 798 2036 sciat
820 1995 891 2035 illa
914 1994 1079 2035 furoris.

103 2057 193 2111 ipse
216 2056 317 2096 mihi
340 2071 473 2111 nuper
498 2056 672 2110 Libycis
698 2064 742 2097 tu
767 2057 882 2098 testis
907 2057 949 2096 in
974 2056 1097 2097 undis

106 2133 232 2172 quam
257 2119 409 2159 molem
435 2118 571 2159 subito
597 2119 780 2160 excierit:
806 2119 937 2159 maria
961 2118 1100 2159 omnia
1124 2118 1239 2160 caelo

105 2181 282 2230 miscuit,
307 2181 466 2222 Aeoliis
491 2180 747 2234 nequiquam
771 2181 878 2222 freta
902 2180 1106 2236 procellis,

104 2243 148 2284 in
172 2243 311 2298 regnis
335 2242 414 2285 hoc
439 2259 540 2284 ausa
565 2243 658 2284 tuis.

105 2320 180 2360 per
205 2305 337 2346 scelus
363 2319 459 2347 ecce
484 2306 608 2346 etiam
633 2304 825 2346 Troianis
849 2306 1051 2346 matribus
1077 2305 1179 2347 actis

108 2367 264 2408 exussit
288 2366 408 2408 foede
432 2367 583 2422 puppis
609 2374 650 2409 et
674 2367 805 2409 classe
830 2368 997 2423 subegit

107 2430 259 2471 amissa
283 2429 415 2471 socios
439 2430 608 2484 ignotae
632 2429 818 2483 linquere
844 2437 990 2471 terrae.

107 2493 221 2547 quod
245 2498 446 2546 superest,
472 2507 557 2542 oro,
582 2492 706 2534 liceat
730 2492 828 2532 dare
852 2498 942 2533 tuta
966 2507 1040 2547 per
1063 2492 1196 2533 undas

108 2555 201 2596 vela
226 2554 313 2603 tibi,
338 2555 458 2595 liceat
483 2555 739 2596 Laurentem
766 2555 969 2609 attingere
994 2554 1212 2608 Thybrim,

109 2617 142 2659 si
168 2631 362 2659 concessa
386 2623 494 2671 peto,
520 2617 554 2658 si
579 2617 677 2658 dant
703 2631 751 2658 ea
776 2617 939 2658 moenia
963 2616 1140 2672 parcae.’

1368 138 1446 183 187

1475 263 1540 295 760

1477 573 1539 605 765

1476 884 1541 915 770

1477 1196 1540 1225 775

1479 1507 1541 1537 780

1478 1817 1541 1848 785

1478 2129 1542 2159 790

1479 2439 1541 2470 795
