1660 2847
249 162 331 205 194
655 173 926 211 P.VERG1L1
949 175 1174 217 MARONIS

247 276 281 316 si
305 283 345 317 te
371 276 457 317 fata
481 283 649 326 vocant3
677 278 794 320 aliter
816 294 899 321 non
924 279 1081 322 viribus
1105 280 1199 321 ullis

246 338 410 379 vincere
435 354 511 380 nec
537 339 639 380 duro
664 342 817 394 poteris
843 342 1074 383 convellere
1099 343 1219 384 ferro.

245 408 459 454 praeterea
483 401 589 442 iacet
613 403 849 443 exanimum
875 404 950 444 tibi
976 419 1126 459 corpus
1151 403 1272 445 amici

157 472 220 503 150
245 462 344 513 (heu
368 463 518 516 nescis)
544 470 755 517 totamque
781 465 954 506 incestat
980 465 1124 507 funere
1150 466 1338 514 classem,

245 524 344 565 dum
370 525 560 566 consulta
583 526 689 580 petis
714 534 939 581 nostroque
964 527 1006 568 in
1031 528 1170 569 limine
1195 527 1365 582 pendes.

244 587 411 628 sedibus
436 587 546 628 hunc
569 588 678 629 refer
703 596 796 630 ante
822 590 906 630 suis
932 597 972 631 et
997 591 1127 631 conde
1154 589 1386 645 sepulchro.

243 650 324 691 duc
349 650 489 703 nigras
515 651 715 705 pecudes3
742 667 790 694 ea
815 652 949 706 prima
973 652 1137 707 piacula
1163 660 1297 693 sunto.

243 712 301 752 sic
328 712 496 752 demum
522 713 638 754 lucos
665 712 809 767 Stygis
836 721 877 755 et
900 729 1029 768 regna
1054 714 1166 755 invia
1191 714 1294 755 vivis

154 784 216 815 155
242 774 446 828 aspicies.’
495 775 598 815 dixit
623 790 849 829 pressoque
875 776 1083 816 obmutuit
1108 791 1190 818 ore.

298 837 468 878 Aeneas
494 844 651 878 maesto
677 837 838 878 defixus
864 838 1022 879 lumina
1047 839 1161 878 voltu

239 898 484 953 ingreditur,
509 899 702 952 linquens
727 907 905 948 antrum,
932 914 1162 953 caecosque
1187 900 1346 941 volutat

241 968 413 1002 eventus
440 961 576 1002 animo
601 976 756 1002 secum.
806 963 872 1003 cui
898 962 1006 1003 fidus
1034 962 1216 1003 Achates

239 1023 273 1064 it
297 1038 435 1065 comes
462 1031 502 1064 et
525 1024 695 1078 paribus
722 1024 831 1065 curis
857 1024 1035 1078 vestigia
1058 1024 1161 1079 figit..

152 1095 215 1126 160
239 1086 371 1127 multa
394 1087 502 1127 inter
526 1101 616 1127 sese
642 1086 756 1127 vario
783 1101 972 1128 sermone
997 1086 1203 1135 serebant,

238 1162 364 1202 quem
390 1149 547 1190 socium
573 1149 807 1190 exanimem
833 1156 961 1198 vates,
988 1149 1101 1202 quod
1126 1163 1278 1203 corpus
1304 1147 1562 1189 humandum

242 1212 407 1252 diceret.
457 1219 583 1264 atque
607 1211 667 1251 illi
691 1211 906 1252 Misenum
931 1211 973 1252 in
998 1211 1117 1252 litore
1142 1211 1264 1259 sicco,

239 1281 285 1315 ut
311 1289 475 1323 venere,
501 1273 645 1314 vident
668 1274 841 1328 indigna
864 1281 997 1315 morte
1021 1280 1296 1328 peremptum,

238 1336 453 1378 Misenum
478 1336 698 1385 Aeoliden,
724 1350 806 1389 quo
831 1351 916 1377 non
940 1336 1215 1391 praestantior
1240 1335 1343 1376 alter

151 1411 213 1442 165
239 1415 334 1441 aere
359 1399 467 1440 ciere
492 1398 601 1439 viros
626 1398 896 1452 Martemque
921 1398 1148 1440 accendere
1173 1406 1312 1439 cantu.

238 1462 435 1504 Hectoris
460 1461 527 1502 hic
552 1461 693 1515 magni
719 1462 856 1502 fuerat
881 1476 1033 1510 comes,
1060 1463 1246 1502 Hectora
1272 1460 1427 1502 circum

239 1532 277 1567 et
303 1525 404 1565 lituo
431 1539 594 1579 pugnas
619 1524 794 1578 insignis
820 1524 963 1564 obibat
987 1531 1027 1565 et
1051 1523 1181 1564 hasta.

237 1595 458 1643 postquam
482 1587 597 1627 illum
623 1586 707 1627 vita
731 1586 861 1627 victor
886 1586 1079 1641 spoliavit
1104 1585 1304 1635 Achilles,

237 1649 453 1691 Dardanio
480 1650 652 1690 Aeneae
677 1664 767 1690 sese
793 1649 1040 1690 fortissimus
1066 1649 1187 1690 heros

149 1723 214 1755 170
238 1712 453 1754 addiderat
479 1711 651 1760 socium,
677 1726 760 1751 non
785 1711 982 1752 inferiora
1005 1718 1186 1752 secutus.

238 1776 312 1817 sed
336 1782 424 1815 tum
449 1774 555 1815 forte
581 1789 684 1815 cava
709 1774 809 1814 dum
833 1780 1026 1828 personat
1053 1787 1236 1826 aequora
1261 1771 1432 1820 concha,

238 1839 421 1885 demens,
448 1843 489 1878 et
514 1843 639 1877 cantu
664 1843 786 1877 vocat
809 1836 850 1876 in
877 1835 1103 1877 certamina
1128 1835 1259 1883 divos,

238 1900 427 1941 aemulus
452 1906 673 1953 exceptum
698 1898 858 1947 Triton,
886 1899 921 1939 si
947 1898 1113 1939 credere
1139 1897 1313 1951 dignum
1340 1902 1415 1945 est,

236 1964 342 2004 inter
366 1977 467 2003 saxa
492 1962 627 2001 virum
653 1975 849 2016 spumosa
873 1960 1118 2001 inmerserat
1142 1959 1266 1999 unda.

149 2037 211 2068 175
237 2040 336 2080 ergo
362 2039 504 2065 omnes
531 2038 683 2078 magno
710 2023 865 2064 circum
892 2024 1070 2064 clamore
1096 2021 1342 2070 fremebant,

236 2086 460 2143 praecipue
485 2087 577 2141 pius
605 2087 784 2127 Aeneas.
835 2092 923 2126 tum
948 2086 1061 2126 iussa
1088 2083 1286 2138 Sibyllae,

237 2150 349 2191 haud
375 2164 502 2199 mora,
529 2149 730 2190 festinant
753 2149 898 2189 fientes
924 2161 1121 2201 aramque
1147 2145 1355 2201 sepulchri

238 2227 462 2267 congerere
487 2211 703 2252 arboribus
730 2211 928 2264 caeloque
954 2210 1129 2252 educere
1155 2215 1324 2250 certant.

237 2275 319 2316 itur
342 2275 384 2315 in
410 2274 623 2328 antiquam
649 2273 809 2322 silvam,
835 2272 998 2313 stabula
1023 2272 1106 2313 alta
1130 2271 1326 2319 ferarum,

149 2349 213 2381 180
237 2337 519 2393 procumbunt
541 2336 696 2390 piceae,
723 2342 843 2376 sonat
865 2335 946 2376 icta
971 2334 1187 2376 securibus
1212 2333 1294 2374 ilex

237 2399 534 2452 fraxineaeque
559 2398 696 2439 trabes
723 2397 864 2439 cuneis
890 2404 930 2439 et
954 2396 1079 2438 fissile
1104 2396 1232 2437 robur

239 2462 451 2511 scinditur,
477 2461 705 2502 advolvunt
728 2460 908 2515 ingentis
932 2459 1142 2500 montibus
1168 2472 1302 2499 ornos.

238 2539 316 2565 nec
340 2539 422 2565 non
449 2525 616 2565 Aeneas
642 2538 768 2577 opera
791 2523 897 2564 inter
922 2522 1020 2563 talia
1044 2521 1201 2575 primus

236 2587 425 2628 hortatur
450 2587 582 2628 socios
606 2585 860 2640 paribusque
884 2583 1113 2639 accingitur
1138 2582 1273 2624 armis.

150 2661 213 2692 185
239 2656 363 2704 atque
388 2649 490 2691 haec
516 2649 604 2704 ipse
629 2662 703 2689 suo
728 2647 833 2689 tristi
859 2662 953 2689 cum
979 2646 1104 2688 corde
1128 2645 1302 2695 volutat,
