1654 2837
113 176 266 207 XXXIV
623 180 855 209 ADNOTATIO
883 181 1052 209 CRITIOA.

112 254 263 289 teriores
286 255 297 299 Η
317 254 384 290 253
406 257 487 300 post
509 255 635 289 vocaris
659 255 821 289 distinxit
847 265 955 299 quam
968 254 1172 301 Vergiliani
1185 258 1397 291 enarrantur
1410 257 1446 290 et
1459 266 1552 290 com-

112 298 279 334 Kuicala.
303 299 349 334 cf.
370 300 515 335 Servius
537 303 547 344 Η
567 301 634 334 268
656 301 819 346 fuyimus]
847 304 1101 344 memorantur,
1124 305 1245 336 tamen
1269 313 1349 336 cum
1367 301 1553 346 Wagnero

112 345 257 388 ferimur
268 345 320 379 P2
327 360 360 390 y,
373 356 443 380 rec.
454 346 622 380 Ribbeck
636 346 785 380 edmin.
804 349 814 389 Η
847 346 979 387 (adnot.
995 346 1070 380 crit.
1087 346 1142 380 ed.
1158 347 1280 383 maior,
1297 351 1332 380 et
1345 347 1426 381 lect.
1439 347 1550 392 Verg.

112 391 180 425 318
194 397 252 424 aut
264 403 295 435 q.
310 392 341 424 d.
356 403 382 425 s.
398 391 422 434 f.
438 404 465 425 r.
483 392 526 425 H.
539 392 822 425 Andromachen?
847 391 955 442 p.379
968 394 1035 436 sq.)
1049 391 1189 425 seclusi.
1214 404 1296 426 nam
1314 403 1417 426 nemo
1435 391 1554 425 adhuc

113 435 820 481 commemoratServius,rec.Ladewig;
847 440 899 469 ita
928 446 988 470 eos
1016 440 1079 470 aut
1111 436 1370 482 interpretatus
1406 439 1461 470 est
1491 440 1555 470 aut

114 487 173 514 aut
190 493 219 525 q.
234 483 264 516 d.
278 494 305 516 s.
320 481 346 524 f.
360 483 483 524 revisit,
503 482 547 515 H.
563 483 822 515 Andromache?
849 481 1068 525 emendavit,
1092 485 1133 515 ut
1150 482 1314 528 Vergilio
1337 481 1448 516 tribui
1471 491 1553 526 pos-

112 525 281 560 Ribbeck
305 528 315 569 Η
339 527 406 560 330
427 527 622 572 flammatus
640 526 719 570 PF,
748 537 818 561 rec.
848 526 929 560 sint.
955 525 1097 560 videtur
1121 530 1241 562 autem
1263 528 1305 571 is,
1330 539 1352 562 a
1368 538 1438 572 quo
1460 537 1554 561 com-

112 571 281 605 Ribbeck
298 572 308 615 Η
328 572 519 605 339—343
548 572 667 605 damn.
699 572 820 606 Peerl-
849 570 957 615 positi
987 575 1086 614 sunt,
1121 572 1189 606 hoc
1222 572 1395 607 voluisse:
1430 576 1556 607 contra

112 616 224 661 kamp
252 618 262 660 Η
282 616 349 651 340
371 629 457 661 quae
485 617 540 650 M:
569 629 664 661 quem
692 617 821 661 reliqui
848 618 946 650 iussa
959 616 1091 650 Heleni
1104 617 1252 652 Aeneae
1270 618 1384 652 socios
1402 617 1446 652 de
1460 617 1554 662 peri-

112 661 197 695 libri
210 664 246 695 et
259 662 498 707 grammatici,
514 662 621 696 etiam
631 662 822 697 Suetonius
849 661 938 695 culis
967 662 1173 707 admonent,
1202 674 1294 708 quae
1321 674 1343 697 a
1371 661 1495 715 Scylla
1519 665 1556 696 et
1608 670 1612 674 ’

111 707 151 741 in
172 706 248 740 vita
271 719 305 751 p.
328 708 382 751 64,
408 708 450 741 12
474 707 698 751 Reiffersch,
726 708 821 741 unde
850 706 1036 752 Charybdi
1083 707 1312 752 immineant,
1362 708 1431 741 nis1
1474 706 1555 752 quis

112 758 295 796 superatne
311 759 340 786 et
356 755 500 786 vescitur
517 755 629 786 aura?
651 765 748 798 quem
767 754 826 786 tibi
849 752 942 786 inter
986 756 1177 797 utramque
1223 753 1303 788 ‘leti
1347 752 1555 787 discrimine

112 798 182 831 iam
205 798 310 831 Troia
333 801 416 831 ante
440 798 667 843 VVagnerum
690 799 821 832 edeba-
849 797 976 842 parvo’
994 798 1159 843 naviget,
1177 798 1259 832 ideo
1275 809 1317 832 co
1333 798 1430 832 unde
1446 808 1554 832 vene-

111 846 181 876 tur.
213 849 243 876 et
266 844 410 877 vescitur
433 855 523 877 aura
547 855 628 877 cum
656 843 700 877 iis
730 854 822 888 quac
849 847 931 876 runt
947 843 1065 877 redire
1079 843 1310 877 constituunt.
1336 843 1430 878 inter
1447 854 1554 888 argu-

111 888 337 933 praecedunt
353 887 548 932 coniunxit,
572 901 658 934 quae
681 890 740 922 tibi
754 890 822 922 iam
850 891 988 930 menta,
1025 888 1155 933 quibus
1189 889 1395 934 Wagnerus
1432 899 1556 923 versus

113 934 219 968 Troia
236 937 318 978 post
334 934 447 968 v.336
465 934 656 968 collocavit
673 934 823 978 Madvig
850 933 1005 978 Vergilii
1031 944 1103 968 non
1133 944 1210 968 esse
1238 934 1411 977 ostendit,
1446 933 1556 979 pluri-

113 978 252 1012 adverS.
278 978 355 1012 crit.
381 979 418 1012 11
441 991 475 1023 p.
494 978 538 1013 34
561 980 571 1024 Η
596 991 627 1012 v.
647 979 714 1013 348
738 980 820 1013 secl.
850 990 945 1012 mum
968 978 1086 1013 tribuo
1111 979 1182 1023 illi,
1213 980 1309 1023 quod
1331 990 1353 1013 a
1375 977 1555 1013 ‘teneant'

112 1023 282 1058 Ribbeck
298 1024 309 1069 Η
329 1024 396 1058 360
441 1025 477 1057 ui
497 1025 649 1068 tripodas
669 1025 781 1058 Clarii
794 1031 822 1058 et
849 1024 958 1058 verbo
975 1024 1082 1058 tertia
1100 1035 1254 1069 persona
1276 1024 1393 1070 posito
1414 1024 1555 1069 petivit.

114 1071 236 1103 laurus
264 1069 358 1103 coni.
389 1037 540 1114 Biladvig
569 1070 591 1102 l.
622 1070 644 1103 l.
675 1081 709 1114 p.
740 1069 784 1104 35
808 1072 818 1113 Η
849 1080 932 1103 nam
961 1069 1147 1115 Vergilius
1172 1070 1326 1104 Aenean
1354 1072 1417 1103 aut
1444 1070 1489 1104 de
1517 1079 1556 1104 se

112 1115 180 1148 362
197 1116 305 1148 omnis
325 1115 354 1148 P
360 1116 411 1160 711,
431 1126 501 1149 rec.
518 1114 696 1158 Ribbeck,
720 1115 821 1159 prob.
849 1125 919 1148 uno
942 1117 1006 1148 aut
1029 1116 1074 1149 de
1097 1125 1135 1149 se
1160 1119 1195 1148 et
1219 1115 1326 1149 sociis
1348 1115 1557 1160 loquentem

112 1158 270 1194 Kuicala
298 1160 344 1195 N.
367 1160 410 1193 B.
434 1172 469 1204 p.
489 1161 543 1194 58.
575 1160 620 1194 cf.
642 1159 786 1194 Servius
806 1163 816 1203 Η
850 1159 949 1203 facit,
977 1160 1101 1204 itaque
1123 1160 1235 1194 verba
1257 1160 1374 1205 prima
1396 1164 1459 1194 aut
1487 1159 1556 1194 sin-

112 1217 145 1239 v.
165 1205 231 1240 386
249 1205 366 1239 damn.
387 1204 575 1239 Gebhardi
593 1207 603 1250 Η
622 1206 689 1239 419
712 1207 821 1250 litore]
849 1205 986 1250 gularis
1000 1210 1063 1239 aut
1079 1205 1229 1250 pluralis
1246 1206 1385 1240 numeri
1403 1216 1558 1251 persona

113 1262 260 1296 aequore
272 1250 411 1285 Seneca
422 1251 790 1294 nat.quaest.V130‚1
810 1253 820 1293 Η
851 1250 963 1284 effert.
991 1250 1086 1284 addo
1103 1254 1248 1295 poetam
1264 1251 1317 1285 ita
1337 1251 1454 1285 videri
1476 1261 1556 1284 nar—

112 1308 144 1332 v.
160 1296 228 1330 428
245 1296 362 1330 damn.
382 1295 572 1330 Gebhardi
593 1298 604 1340 Η
617 1296 684 1330 449
702 1297 822 1340 ianua]
850 1295 1025 1329 rationem
1061 1295 1310 1330 instituturum
1347 1296 1477 1340 fuisse,
1516 1299 1557 1330 ut

111 1342 254 1388 flamine
277 1341 368 1376 coni.
395 1340 575 1375 Schrader
593 1343 604 1385 Η
621 1341 689 1375 460
705 1353 822 1375 secun·
850 1340 1061 1385 Aeneadas,
1090 1342 1151 1385 qui
1182 1341 1255 1375 iam
1282 1342 1353 1387 ipsi
1380 1341 1557 1376 vidissent

113 1388 189 1432 clos]
218 1388 378 1421 sacerdos
406 1399 459 1430 m,
491 1386 594 1432 prob.
624 1386 783 1432 Bentley
806 1389 817 1430 Η
851 1384 1075 1431 Charybdim
1088 1386 1208 1428 (v.555
1221 1390 1325 1432 sqq.),
1339 1397 1410 1421 non
1424 1386 1558 1421 Heleni

112 1432 181 1466 464
194 1434 319 1476 yravz'a
342 1444 363 1466 a
385 1439 540 1477 sectoque
562 1444 589 1465 e.
611 1432 824 1466 Lachmann
851 1431 1006 1475 monitis,
1037 1432 1101 1466 sed
1129 1432 1202 1466 suis
1230 1432 1400 1477 periculis
1428 1432 1475 1466 ad
1501 1443 1557 1467 re-

114 1488 241 1512 comm.
271 1478 309 1511 in
337 1478 446 1511 Lucr.
475 1490 510 1522 p.
543 1477 603 1521 76,
632 1479 756 1522 yravia
783 1489 824 1511 ac
851 1477 1033 1511 deundum
1055 1481 1170 1511 motos
1188 1488 1265 1512 esse
1283 1478 1430 1512 diceret.
1458 1477 1557 1512 deni-

112 1529 202 1557 seclo
225 1535 251 1557 e.
275 1522 437 1568 Schaper
453 1523 464 1568 Η
482 1522 551 1557 484
566 1524 692 1557 honore
705 1523 823 1569 Pyla,
851 1533 920 1567 que
953 1522 1115 1557 Helenus
1154 1534 1224 1557 non
1256 1523 1411 1567 dixerat,
1451 1533 1558 1568 posse

112 1579 185 1603 rec.
205 1568 383 1602 Ribbeck.
411 1568 457 1602 cf.
475 1567 620 1602 Servius
638 1569 648 1612 Η
667 1569 733 1602 499
751 1569 822 1610 fue·
851 1568 945 1602 inter
954 1567 1178 1613 Charybdim
1193 1571 1228 1603 et
1242 1567 1402 1614 Scyllam
1416 1579 1558 1603 cursum

113 1615 181 1648 rint
205 1613 290 1648 libri
311 1617 457 1659 praeter
480 1612 514 1647 G
538 1616 574 1647 et
597 1614 707 1647 schol.
729 1613 813 1648 Dan
850 1613 983 1658 teneri,
1031 1614 1095 1647 sed
1140 1625 1219 1647 eam
1263 1614 1371 1648 maris
1416 1617 1559 1659 partem

114 1671 173 1705 ap.
198 1658 315 1694 Serv.:
343 1660 446 1702 fuerit
470 1657 616 1693 Servius
639 1658 730 1704 ipse,
753 1670 822 1693 rec.

113 1705 278 1750 plerique
300 1706 311 1750 Η
326 1705 393 1738 510
415 1704 540 1750 remos]
569 1716 705 1738 somnos
734 1705 822 1739 coni.

113 1750 281 1784 Kloucek
302 1751 312 1794 Η
329 1750 395 1784 535
411 1751 578 1783 dimittunt
591 1749 635 1794 P,
650 1760 722 1784 rec.
737 1750 824 1784 Rib-

114 1796 208 1830 beck
233 1796 244 1840 Η
269 1795 336 1830 558
369 1797 427 1829 hec
455 1796 536 1840 yle:
571 1795 623 1829 hic
652 1795 777 1829 ΜΡΙ)ι
808 1798 817 1839 Η

114 1842 180 1875 561
197 1842 383 1884 rudentem]
403 1842 578 1874 tridentem
601 1840 692 1874 coni.
711 1840 823 1874 Hein-

115 1886 187 1920 sius
205 1886 253 1920 ad
272 1887 301 1921 V
322 1886 399 1930 143,
418 1886 520 1930 prob.
539 1886 707 1930 Bentley,
725 1898 824 1920 ruen-

115 1939 178 1965 iem
202 1931 387 1965 Hofmann
404 1932 414 1977 Η
434 1932 502 1966 600
517 1943 642 1965 numen
665 1931 731 1975 Ml,
754 1943 822 1965 rec.

114 1977 283 2011 Ribbeck
300 1978 310 2021 Η
331 1976 398 2011 614
417 1989 540 2010 nomen
562 1976 693 2019 ab2c2,
723 1977 822 2021 prob.

112 2022 282 2067 Bentley,
317 2033 386 2056 rec.
416 2022 583 2066 Wagner
619 2025 654 2055 ct
685 2021 822 2067 Haupt.

114 2067 159 2102 cf.
185 2068 266 2102 lect.
284 2067 359 2103 Ver
389 2095 395 2101 .
419 2079 453 2111 p.
468 2068 535 2101 378
557 2068 568 2112 ΙΙ
593 2067 660 2101 625
682 2079 825 2109 expersa

115 2112 276 2157 Servius,
300 2079 402 2157 pro}
423 2112 586 2158 Wagner
608 2113 690 2146 lect.
710 2112 822 2157 Vei-g.

852 1659 994 1692 omnino
1010 1658 1118 1693 vitari
1137 1659 1299 1695 iusserat.
1324 1671 1356 1693 V.
1377 1659 1557 1694 684—686

852 1703 1003 1738 sublatis
1035 1704 1216 1749 integram
1249 1715 1326 1738 esse
1359 1705 1558 1739 orationem

851 1752 947 1784 recte
982 1749 1189 1794 Wagnerus
1231 1750 1375 1783 statuit:
1421 1753 1558 1784 terren-

851 1798 908 1828 tur
929 1794 1024 1829 enim
1048 1795 1245 1829 Aeneadae
1272 1794 1383 1840 Cyclo
1410 1806 1471 1829 um
1496 1795 1559 1829 ad-

852 1843 977 1885 spectu
1005 1840 1109 1885 adeo,
1138 1844 1188 1885 ut,
1217 1850 1361 1885 quoquo
1383 1807 1559 1885 ferantur,

851 1885 1019 1920 secundis
1032 1885 1054 1919 i.
1067 1896 1096 1919 e.
1106 1886 1299 1931 agentibus
1316 1886 1432 1920 ventis
1448 1896 1560 1920 naves

852 1931 1074 1965 committere
1092 1931 1228 1974 malint,
1247 1942 1355 1976 quam
1368 1932 1405 1965 in
1417 1930 1559 1965 illorum

851 1976 998 2021 regione
1016 1987 1179 2020 manere,
1203 1980 1279 2010 tum
1296 1980 1441 2022 praeter
1457 1987 1560 2021 spem

851 2025 978 2055 ventus
996 2032 1033 2055 se
1050 2021 1170 2065 vertit,
1195 2026 1234 2055 ut
1256 2022 1368 2056 borea
1389 2021 1499 2056 flante
1517 2032 1560 2056 eo

851 2076 922 2110 quo
952 2067 1104 2100 tendant
1132 2070 1296 2112 agantur.
1323 2068 1333 2111 Η
1357 2079 1389 2101 ν.
1409 2067 1476 2102 690
1504 2077 1557 2111 sq.

852 2124 932 2146 cum
955 2112 1153 2157 Wagnero,
1181 2112 1441 2157 Peerlkamp0‚
1470 2111 1560 2147 Rib-

141 2187 148 2193 .
172 2159 255 2202 378,
288 2158 457 2192 Ribbeck
492 2157 580 2202 prol.
611 2170 644 2200 p.
668 2158 744 2192 308.
777 2160 822 2192 cf.
854 2157 982 2191 beckio
1005 2158 1074 2200 (ed.
1099 2157 1198 2199 min.)
1231 2157 1371 2192 seclusi.
1411 2156 1560 2192 Cornuti

134 2203 281 2249 *eoi-ges
295 2203 420 2237 Fleck.
435 2203 663 2237 Jahrb.1884
676 2203 788 2247 1136ss
806 2206 816 2246 Η
852 2203 897 2237 de
931 2204 1069 2237 ‘comes
1103 2202 1259 2236 infelicis
1289 2202 1402 2238 Ulixi’
1437 2202 1559 2237 verbis

114 2249 180 2284 627
199 2250 301 2293 tepidi
314 2248 361 2281 P1
380 2252 416 2282 et
434 2248 597 2282 Servius:
619 2249 743 2292 trepidi
753 2248 791 2282 M
809 2250 819 2291 Η
852 2247 1031 2282 dubitatio
1061 2251 1097 2281 et
1118 2248 1229 2292 Aspri
1257 2258 1470 2293 responsum
1499 2247 1559 2289 (cf.

114 2295 181 2329 632
194 2295 390 2328 immensum
404 2294 434 2327 P
450 2297 485 2327 et
499 2293 657 2337 Servius,
671 2293 824 2327 fortasse
852 2293 1224 2336 schol.Veron.)haud
1238 2293 1311 2327 scio
1325 2305 1371 2327 an
1382 2304 1487 2328 versu
1495 2293 1561 2328 613

113 2343 224 2374 recte.
250 2339 294 2374 cf.
314 2338 463 2380 Quintil.
484 2338 577 2374 VIII
600 2338 633 2382 3,
657 2338 702 2372 84
725 2341 735 2381 Η
759 2339 825 2373 652
853 2338 1009 2373 excitata
1026 2341 1061 2373 et
1082 2350 1149 2383 per
1172 2349 1328 2373 errorem
1352 2339 1399 2373 ad
1418 2349 1560 2372 versum

270 2386 277 2393 '
452 2385 466 2403 Γ
742 2384 756 2407 2
801 2397 808 2407 ,
874 2385 885 2403 (
975 2396 981 2403 =
1179 2383 1186 2390 “

108 2384 500 2473 ἔὲῗέἓῗῗνῗῆΙΙᾎὲΞἾι
522 2383 769 2463 ἒεὸἑηῖἶ
782 2388 825 2473 ἐξ
851 2384 1350 2480 ῗΰᾎςὲἓξῗέἔῖιῑῗὲξὲ0111ιεῖ3
1369 2383 1464 2473 ,17935
1479 2395 1561 2463 332¹}

114 2477 272 2510 vertimus
295 2474 425 2520 reliqui
446 2475 457 2517 ΙΙ
484 2474 550 2508 670
575 2476 694 2508 dextra
712 2474 765 2508 Pl
789 2478 825 2508 et
852 2475 942 2508 coni.
966 2474 1075 2509 Ribb.
1100 2474 1189 2519 prol.
1216 2486 1250 2519 p.
1270 2475 1337 2509 275
1356 2475 1367 2514 ll
1387 2474 1453 2509 708
1475 2475 1560 2508 actis

114 2521 226 2555 schol.
246 2520 341 2555 Dan.
367 2532 425 2565 ap.
452 2519 569 2554 Serv.:
593 2521 747 2554 dextram
769 2519 824 2553 Ρ2
852 2520 1026 2566 PRyblc
1050 2523 1086 2554 et
1109 2519 1219 2553 schol.
1244 2519 1339 2553 Dan.
1365 2530 1423 2564 ap.
1443 2518 1559 2554 Serv.:

115 2566 299 2611 M2Fyab
317 2569 353 2600 et
373 2565 532 2609 Servius,
556 2566 709 2599 ἆραι-[νυνι
730 2565 786 2598 Μ1
805 2567 816 2610 Η
851 2572 947 2599 actus
965 2565 1014 2609 M,
1032 2576 1102 2599 rec.
1125 2565 1170 2599 W
1174 2576 1256 2610 agn.
1277 2569 1313 2599 et
1329 2565 1466 2609 Haupt.

116 2612 184 2646 674
216 2613 354 2655 Italiae]
389 2612 593 2646 Trinacriae
630 2610 786 2655 Bentley
809 2615 818 2654 Η
910 2611 964 2646 IV
996 2622 1026 2645 v.
1053 2611 1095 2644 21
1126 2611 1243 2644 damn.
1274 2610 1468 2644 Peerlkam
1524 2612 1560 2644 et

114 2669 146 2691 v.
167 2657 358 2700 684—686,
383 2657 449 2691 etsi
472 2656 509 2689 iu
533 2655 699 2690 omnibus
720 2655 824 2690 libris
852 2654 1039 2690 Gebhardi
1069 2658 1079 2699 Η
1109 2655 1152 2689 25
1174 2657 1287 2700 abiyat
1309 2655 1351 2699 F,
1380 2665 1451 2690 rec.
1488 2655 1558 2690 ‘ib-

113 2703 287 2749 leguntur
325 2706 361 2737 et
398 2713 420 2737 a
457 2701 703 2748 grammaticis
734 2705 823 2735 tam·
851 2701 944 2736 beck
964 2702 975 2747 Η
995 2701 1040 2736 26
1063 2702 1169 2735 Erebi
1188 2701 1320 2745 MP20,
1345 2709 1559 2735 commemo-
