1660 2847
160 501 225 532 445

159 815 226 845 450

158 1125 222 1156 455

157 1439 223 1469 460

157 1750 222 1781 465

158 2064 223 2094 470

160 2377 224 2407 475

255 126 337 184 246
645 135 708 184 1),
728 135 938 173 VERGILI
962 136 1187 174 MARole

253 256 369 283 arma
393 241 477 283 acri
501 240 693 282 facienda
717 240 819 282 viro.
866 255 978 282 nunc
1002 241 1160 282 viribus
1185 256 1299 291 usus,

251 317 364 345 nunc
388 303 581 345 manibus
607 303 774 358 rapidis,
799 303 912 343 omni
935 317 1047 344 nunc
1072 310 1158 344 arte
1183 304 1394 358 magistra.

251 365 521 421 praecipitate
547 364 709 405 moras?
758 379 834 407 1166
859 364 979 419 plura
1004 364 1171 414 effatus3
1199 372 1239 406 at
1265 365 1323 406 illi

251 428 366 470 ocius
390 427 618 468 incubuere
642 441 786 468 omnes
809 426 1045 481 pariterque
1070 427 1255 469 laborem

251 489 395 531 sortiti.
443 489 534 530 fluit
559 503 628 529 aes
653 488 751 529 rivis
777 488 949 541 aurique
974 489 1187 530 metallum

249 553 550 605 volnificusque
575 551 748 606 chalybs
774 557 890 592 vasta
914 550 1083 593 fornace
1108 552 1310 605 liquescit.

249 616 462 670 ingentem
487 614 667 668 elipeum
691 613 927 662 informant,
953 628 1084 654 unum
1110 615 1249 655 omnia
1273 620 1415 656 contra

250 678 333 720 tela
357 676 622 725 Latinorum,
648 683 925 730 septenosque
949 675 1119 716 orbibus
1145 677 1265 719 orbes

249 739 494 794 impediunt.
543 738 612 779 alii
636 738 818 779 ventosis
842 737 1011 779 follibus
1036 753 1158 779 auras

250 801 458 856 accipiunt
480 800 756 853 redduntque,
782 799 852 841 alii
876 800 1092 841 stridentia
1116 801 1284 854 tingunt

251 880 348 906 aera
371 864 478 904 lacu.
527 863 657 918 gemit
681 862 868 917 inpositis
894 862 1115 904 incudibus
1140 870 1318 904 antrum.

248 927 308 968 illi
331 927 437 967 inter
462 939 553 966 sese
578 924 709 965 multa
732 925 773 965 vi
798 924 994 965 bracchia
1020 925 1171 965 tollunt

247 990 291 1030 in
313 1002 533 1029 numerum
557 993 806 1039 versantque
831 986 967 1027 tenaci
992 986 1150 1042 forcipe
1174 1001 1368 1027 massam.

303 1051 423 1091 Haec
447 1057 564 1105 pater
588 1048 749 1090 Aeoliis
774 1055 970 1103 properat
995 1048 1096 1089 dum
1120 1049 1326 1090 Lemnius
1353 1048 1448 1099 oris,

248 1112 496 1155 Euandrum
521 1127 572 1153 ex
596 1110 743 1152 humili
768 1117 876 1152 tecto
901 1111 974 1152 lux
1000 1111 1172 1152 suscitat
1196 1112 1305 1152 alma

249 1183 290 1218 et
313 1173 504 1216 matutini
530 1173 746 1214 volucrum
772 1172 850 1213 sub
877 1173 1057 1215 eulmine
1083 1181 1241 1214 cantus.

249 1237 461 1292 consurgit
486 1236 621 1277 senior
644 1235 869 1289 tunicaque
893 1235 1103 1276 inducitur
1127 1243 1240 1276 artus

248 1308 289 1343 et
312 1299 532 1355 Tyrrhena
554 1298 710 1353 pedum
735 1297 965 1339 circumdat.
988 1298 1154 1338 vincula
1177 1298 1348 1352 plantis3

249 1371 338 1405 tum
362 1361 482 1403 lateri
506 1368 630 1415 atque
655 1360 808 1402 umeris
833 1360 1076 1415 Tegeaeum
1101 1360 1285 1416 subligat
1309 1375 1464 1410 ensem,

248 1425 428 1468 demissa
452 1425 505 1465 ab
529 1424 649 1465 laeva
673 1423 899 1478 pantherae
925 1429 1043 1477 terga
1067 1429 1322 1476 retorquens.

246 1503 324 1531 nec
348 1502 431 1528 11011
456 1493 498 1528 61
521 1486 676 1541 gemini
702 1485 895 1527 custodes
920 1485 1060 1525 limine
1086 1485 1139 1526 ab
1165 1485 1247 1526 alto

246 1550 501 1607 praecedunt
525 1562 799 1603 gressumque
825 1562 948 1588 canes
974 1547 1223 1588 comitantur
1247 1547 1401 1588 erilem.

247 1613 420 1668 hospitis
447 1613 618 1653 Aeneae
643 1611 785 1652 sedem
810 1616 851 1651 et
874 1616 1033 1651 secreta
1058 1609 1227 1664 petebat

248 1689 484 1717 sermonum
509 1688 666 1715 memor
691 1679 732 1715 et
755 1672 944 1727 promissi
971 1672 1153 1712 muneris
1179 1671 1318 1712 heros:

246 1752 325 1779 1166
349 1737 486 1778 minus
513 1736 681 1777 Aeneas
707 1750 751 1777 se
775 1734 1004 1775 matutinus
1030 1734 1200 1788 agebat:

246 1800 355 1842 filius
380 1799 476 1839 huie
501 1797 656 1847 Pallas,
681 1797 740 1838 illi
765 1811 903 1838 comes
928 1796 1015 1836 ibat
1039 1795 1237 1836 Achates.

248 1861 459 1917 congressi
483 1861 662 1915 iungunt
686 1860 851 1909 dextras
876 1858 1106 1911 mediisque
1131 1857 1319 1898 residunt

248 1925 421 1967 aedibus
447 1930 487 1965 et
510 1923 621 1964 licito
647 1922 815 1963 tandem
841 1935 1030 1962 sermone
1055 1921 1261 1961 fruuntur.

247 2003 321 2029 rex
345 1986 457 2042 prior
481 1985 602 2027 haec:

249 2049 448 2091 ‘maxime
473 2048 730 2088 Teucrorum
757 2047 915 2096 ductor,
942 2059 1024 2099 quo
1050 2045 1202 2100 sospite
1227 2058 1455 2098 numquam

247 2129 312 2155 res
339 2112 531 2166 equidem
556 2110 708 2151 Troiae
732 2110 862 2151 victas
888 2115 961 2150 aut
983 2123 1114 2163 regna
1137 2107 1315 2157 fatebor,

248 2176 368 2218 nobis
394 2175 447 2215 ad
471 2174 569 2215 belli
594 2174 795 2214 auxilium
819 2187 894 2227 pro
919 2171 1086 2212 nominc
1111 2177 1224 2211 tanto

250 2239 426 2293 exiguae
453 2237 580 2278 vires:
605 2236 701 2276 hinc
726 2235 865 2276 Tusco
891 2234 1123 2275 claudimur
1148 2232 1274 2281 amni,

249 2301 345 2342 hinc
370 2299 550 2341 Rutulus
576 2298 725 2353 premit
751 2304 793 2339 et
816 2312 982 2338 murum
1007 2296 1284 2337 circumsonat
1308 2295 1445 2337 armis.

250 2364 323 2406 sed
348 2362 423 2403 tibi
448 2376 527 2416 ego
552 2360 730 2415 ingentis
754 2360 930 2415 populos
956 2359 1234 2413 opulentaque
1258 2358 1398 2412 regnis

248 2427 421 2480 iungere
447 2432 582 2465 castra
606 2437 720 2478 paro,
746 2437 872 2476 quam
898 2421 982 2462 fors
1007 2420 1176 2475 inopina
1200 2420 1375 2461 salutem

251 2494 440 2530 ostentat.
489 2486 584 2526 fatis
611 2485 692 2526 huc
717 2492 756 2525 te
781 2483 1048 2539 poscentibus
1075 2482 1224 2523 adfers.

253 2549 365 2591 haud
390 2548 534 2603 procul
559 2547 655 2588 hinc
680 2561 779 2587 saxo
805 2546 996 2587 incolitur
1021 2545 1194 2585 fundata
1218 2549 1381 2584 vetusto

252 2611 366 2653 urbis
393 2609 617 2664 Agyllinae
643 2608 775 2658 sedes,
801 2608 873 2649 ubi
898 2607 1036 2662 Lydia
1061 2606 1271 2660 quondam
