1660 2847
168 385 233 415 500

167 695 231 725 505

169 1007 233 1037 510

170 1320 233 1351 515

171 1633 236 1664 520

173 1945 237 1976 525

174 2256 239 2287 530

174 2566 238 2598 535

258 136 339 179 288
665 145 707 180 1).
728 145 937 182 VERGILI
962 144 1186 181 MARONIS

257 264 365 303 quae
390 247 548 291 Clonus
573 248 798 304 Eurytides
823 251 953 291 multo
980 250 1211 292 caelaverat
1235 263 1356 298 aur03

256 326 339 365 quo
364 326 475 353 nunc
499 311 667 352 Turnus
692 319 789 353 ovat
813 312 945 367 spolio
971 311 1208 366 gaudetque
1233 312 1401 365 potitus.

257 374 397 415 nescia
421 388 537 415 mens
563 373 778 414 hominum
802 374 877 415 fati
903 374 1108 427 sortisque
1131 374 1298 414 futurae

258 443 299 477 et
323 450 488 477 servare
513 435 697 484 modum,
722 436 848 477 rebus
872 435 1040 477 sublata
1063 435 1274 477 secundis!

257 498 400 539 Turno
426 505 589 552 tempus
614 498 703 547 erit,
728 512 881 552 magno
907 512 1003 538 cum
1027 498 1232 552 optaverit
1256 503 1442 551 emptum

257 559 459 601 intactum
483 559 677 600 Pallanta
702 566 742 600 et
767 574 861 601 cum
887 560 1020 614 spolia
1042 559 1121 600 ista
1146 560 1339 612 diemque

257 622 401 663 oderit.
451 628 493 662 at
518 622 618 662 socii
643 622 773 662 multo
798 621 956 676 gemitu
981 621 1244 675 lacrimisque

257 684 484 738 inpositum
509 690 626 724 scuto
651 684 837 725 referunt
860 683 1054 724 Pallanta
1077 683 1329 736 frequentes.

259 761 283 787 o
309 747 427 786 dolor
451 752 578 799 atque
603 746 728 786 decus
754 760 955 800 magnum
977 745 1159 787 rediture
1183 744 1361 800 parenti!

256 809 360 850 haec
384 815 424 849 te
448 808 582 862 prima
607 808 693 849 dies
719 808 827 849 bello
853 808 980 856 dedit,
1005 807 1109 848 haec
1134 808 1280 849 eadem
1305 806 1453 855 aufert,

259 886 354 912 cum
379 877 519 911 tamen
544 869 723 925 ingentis
749 870 1002 912 Rutulorum
1025 869 1178 923 linquis
1203 883 1385 911 acervos.

313 933 404 974 Nec
428 932 511 973 iam
535 932 648 973 fama
672 932 770 973 mali
795 932 912 981 tanti,
938 931 1011 973 sed
1036 931 1185 973 certior
1210 938 1355 973 auctor

258 995 426 1036 advolat
449 996 636 1043 Aeneae,
659 993 775 1036 tenui
800 993 1037 1035 discrimine
1061 994 1133 1035 leti

258 1073 348 1100 esse
373 1071 483 1106 suos,
509 1063 673 1111 tempus
698 1056 828 1098 versis
853 1070 1095 1098 succurrere
1119 1055 1307 1098 Teucris.

257 1120 449 1175 proxima
472 1133 664 1173 quaeque
690 1119 807 1161 metit
829 1119 969 1174 gladio
994 1119 1207 1173 latumque
1232 1133 1307 1173 per
1331 1133 1482 1174 agmen

259 1183 407 1224 ardens
432 1182 605 1223 limitem
631 1181 719 1236 agit
742 1181 865 1231 ferro,
890 1188 944 1231 te,
969 1181 1126 1230 Turne,
1155 1181 1383 1236 superbum

259 1245 386 1287 caede
410 1259 520 1285 nova
544 1258 762 1298 quaerens.
810 1243 966 1293 Pallas,
992 1243 1205 1293 Euander,
1230 1244 1273 1284 in
1297 1243 1397 1298 ipsis

260 1307 398 1350 omnia
422 1314 518 1348 sunt
543 1307 688 1357 oculis,
712 1321 895 1356 mensae,
920 1320 1024 1361 quas
1049 1306 1212 1348 advena
1234 1306 1389 1360 primas

261 1377 360 1411 tunc
385 1369 499 1418 adiit,
526 1368 781 1423 dextraeque
806 1368 942 1410 datae.
992 1367 1192 1410 Sulmone
1217 1374 1375 1409 creatos

258 1439 455 1486 quattuor
478 1431 546 1473 hic
571 1431 758 1480 iuvenes,
784 1430 969 1480 totidem,
995 1444 1100 1484 quos
1124 1430 1276 1472 educat
1297 1428 1449 1479 Ufens,

259 1494 436 1536 viventis
460 1494 580 1550 rapit,
605 1493 773 1535 inferias
799 1508 903 1547 quos
928 1493 1113 1534 immolet
1136 1493 1294 1534 umbris

260 1558 508 1612 captivoque
532 1557 624 1612 rogi
648 1556 873 1612 perfundat
898 1556 1100 1611 sanguine
1124 1556 1326 1596 flammas.

259 1620 355 1662 inde
378 1620 511 1675 Mago
536 1619 680 1675 procul
704 1619 909 1661 infensam
935 1619 1205 1660 contenderat
1228 1619 1403 1659 hastam.

260 1683 329 1725 ille
353 1689 446 1724 astu
471 1682 583 1723 subit
607 1682 668 1734 (at
691 1682 955 1724 tremibunda
980 1682 1218 1737 supervolat
1242 1681 1376 1734 hasta)

261 1753 302 1787 et
325 1760 464 1799 genua
487 1744 742 1799 amplectens
768 1744 919 1786 effatur
943 1744 1040 1785 talia
1065 1744 1259 1798 supplex:

262 1813 355 1863 ‘per
378 1807 533 1862 patrios
559 1822 701 1848 manes
728 1814 768 1848 et
792 1822 886 1862 spes
912 1806 1119 1861 surgentis
1145 1806 1226 1846 Iuli

262 1877 302 1912 te
327 1884 484 1925 precor,
510 1870 618 1910 hanc
642 1869 822 1911 animam
848 1884 986 1910 serves
1010 1876 1222 1923 gnatoque
1246 1867 1448 1923 patrique.

263 1939 326 1974 est
349 1932 496 1973 domus
521 1932 617 1981 alta,
642 1932 779 1973 iacent
801 1932 966 1986 penitus
992 1931 1156 1972 defossa
1180 1931 1335 1972 talenta

263 1994 411 2037 caelati
436 1994 610 2049 argenti,
636 2001 733 2035 sunt
757 1994 846 2035 auri
871 1993 1056 2050 pondera
1080 1993 1180 2034 facti

264 2057 490 2110 infectique
515 2057 627 2097 mihi.
676 2071 759 2098 non
784 2056 852 2098 hic
876 2056 1048 2097 victoria
1072 2055 1284 2097 Teucrum

263 2120 437 2162 vertitur
461 2126 533 2160 aut
556 2119 694 2160 anima
718 2134 802 2160 una
826 2118 942 2160 dabit
966 2118 1203 2160 discrimina
1226 2117 1368 2159 tanta?

264 2182 436 2224 dixerat.
484 2182 652 2223 Aeneas
678 2188 821 2222 contra
845 2181 913 2222 cui
938 2181 1037 2222 talia
1060 2180 1216 2222 reddit:

264 2243 446 2299 ‘argenti
471 2251 595 2298 atque
621 2244 710 2285 auri
734 2258 940 2285 memoras
964 2257 1072 2297 quae
1097 2242 1228 2283 multa
1252 2242 1419 2292 talenta,

263 2307 400 2362 gnatis
425 2321 548 2361 parce
574 2306 668 2347 tuis.
716 2306 813 2347 belli
838 2305 1087 2347 commercia
1111 2305 1279 2346 Turnus

263 2369 430 2410 sustulit
452 2369 531 2410 ista
555 2369 666 2424 prior
690 2368 772 2409 iam
798 2376 885 2409 tum
910 2369 1101 2409 Pallante
1125 2375 1352 2422 perempto.

262 2430 342 2472 hoc
367 2430 495 2485 patris
520 2430 733 2472 Anchisae
758 2446 913 2476 manes,
940 2430 1018 2472 hoc
1043 2429 1166 2471 sentit
1190 2428 1333 2470 Iulus.’

264 2492 322 2534 sic
345 2493 456 2533 fatus
482 2493 646 2547 galeam
671 2493 790 2534 laeva
815 2499 928 2534 tenet
952 2499 1076 2546 atque
1101 2492 1256 2533 reflexa

264 2555 424 2597 cervice
449 2556 604 2596 orantis
630 2555 778 2610 capulo
805 2562 924 2596 tenus
951 2555 1132 2609 adplicat
1157 2569 1311 2595 ensem.

263 2632 340 2660 nec
363 2618 507 2673 procul
535 2618 832 2668 Haemonides,
858 2617 1020 2659 Phoebi
1046 2616 1297 2671 Triviaeque
1322 2614 1527 2665 sacerdos,
