1660 2847
118 335 182 366 130

116 648 178 678 135

114 960 176 991 140

112 1272 174 1304 145

111 1586 174 1617 150

111 1901 173 1932 155

113 2213 176 2243 160

206 147 298 192 238,
623 156 666 192 P.
685 155 896 194 VERGILI
919 157 1145 195 MARONIS

204 276 288 302 non
312 261 507 316 equidem
531 260 717 311 extimui,
740 261 940 303 Danaum
964 262 1078 316 quod
1101 261 1248 305 ductor
1271 269 1313 306 et
1336 263 1471 306 Arcas

206 324 402 378 quodque
427 340 451 365 a
475 324 602 379 stirpe
626 323 736 366 fores
760 324 938 380 geminis
963 324 1208 367 coniunctus
1233 326 1394 368 Atridis
1402 343 1414 377 ;

204 386 277 428 sed
301 402 395 428 mea
420 402 486 428 me
510 387 641 428 virtus
667 393 708 428 et
731 394 875 428 sancta
899 387 1068 429 oracula
1093 387 1247 438 divom,

204 449 452 504 cognatique
477 456 629 504 patres,
656 456 726 490 tua
750 450 868 491 terris
894 449 1022 491 didita
1046 449 1158 492 fama

203 512 454 552 coniunxere
480 511 555 552 tibi
581 518 622 552 et
645 511 745 553 fatis
770 527 894 566 egere
919 512 1139 554 volentem.

202 573 441 623 Dardanus,
467 573 622 615 Iliacae
647 574 804 629 primus
829 583 946 629 pater
970 575 1084 615 urbis
1110 582 1150 617 et
1175 582 1330 625 auctor,

202 635 384 685 Electra,
410 642 456 676 ut
481 635 586 677 Grai
610 636 841 690 perhibent,
868 637 1083 678 Atlantide
1110 645 1259 687 cretus,

203 698 422 740 advehitur
447 698 654 747 Teucros3
682 698 893 740 Electram
918 699 1123 740 maximus
1149 700 1270 741 Atlas

206 761 346 810 edidit,
372 760 577 802 aetherios
602 776 745 802 umero
771 762 841 815 qui
866 762 1041 803 sustinet
1066 762 1199 803 orbes.

202 823 321 864 vobis
346 822 583 864 Mercurius
608 831 726 878 pater
751 831 824 873 est,
850 838 974 877 quem
999 824 1177 865 candida
1203 823 1321 866 Maia

203 886 403 941 Cyllenae
429 886 567 940 gelido
593 893 839 941 conceptum
865 887 1018 927 vertice
1044 887 1168 935 fudit3

201 955 244 989 at
267 948 439 997 Maiam,
466 948 616 989 auditis
641 948 675 988 si
699 949 924 1001 quicquam
949 949 1169 997 oredimus,
1196 948 1333 997 Atlas,

201 1011 312 1052 idem
338 1010 459 1051 Atlas
484 1017 670 1064 generat,
697 1010 799 1051 caeli
825 1010 895 1064 qui
920 1010 1056 1051 sidera
1081 1010 1197 1051 tollit.

202 1073 261 1115 sic
285 1087 418 1126 genus
445 1072 663 1113 amborum
689 1072 839 1113 scindit
864 1087 906 1114 se
932 1073 1135 1127 sanguiue
1162 1072 1215 1113 ab
1242 1086 1339 1113 uno.

200 1136 264 1176 his
290 1135 419 1176 fretus
445 1149 527 1175 non
551 1135 712 1190 legatos
737 1149 872 1188 neque
897 1135 1030 1190 prima
1055 1151 1127 1190 per
1153 1142 1280 1176 artem

199 1205 499 1253 temptamenta
524 1197 583 1238 tui
609 1197 768 1252 pepigi3
794 1213 873 1246 me,
899 1213 965 1239 me
991 1199 1078 1252 ipse
1105 1212 1328 1251 meumque

201 1261 334 1302 obieci
359 1266 485 1314 caput
511 1267 552 1301 et
576 1260 751 1314 supplex
778 1260 831 1300 ad
854 1261 997 1301 limina
1021 1261 1128 1301 veni.

199 1338 303 1379 gens
328 1323 488 1371 eadem,
514 1336 622 1376 quae
648 1330 701 1370 te,
727 1322 884 1363 erudeli
910 1322 1078 1363 Daunia
1101 1323 1212 1364 bello

202 1385 452 1439 insequitur3
478 1399 554 1425 nos
580 1385 613 1425 si
638 1385 808 1439 pellant,
835 1385 937 1425 nihil
964 1385 1077 1427 afore
1104 1385 1291 1433 eredunt,

200 1449 301 1502 quin
326 1463 491 1488 omnem
518 1448 768 1502 Hesperiam
795 1448 959 1501 penitus
986 1463 1060 1488 sua
1086 1448 1163 1488 sub
1190 1448 1290 1501 iuga
1314 1447 1479 1487 mittant

200 1520 240 1553 et
264 1526 390 1559 mare,
416 1510 528 1564 qnod
553 1525 691 1565 supra,
717 1517 897 1558 teneant,
923 1511 1118 1563 quodque
1144 1511 1275 1550 adluit
1299 1510 1418 1550 infra,

200 1574 340 1629 accipe
367 1573 502 1626 daque
526 1572 666 1613 fidem.
716 1580 812 1614 sunt
836 1573 955 1613 nobis
982 1573 1104 1614 fortia
1128 1573 1235 1614 bello

204 1643 386 1692 pectora,
412 1646 507 1676 sunt
533 1635 659 1676 animi
685 1642 726 1676 et
750 1635 874 1676 rebus
900 1642 1085 1690 spectata
1110 1634 1328 1676 iuventus?

254 1699 432 1740 Dixerat
457 1699 638 1740 Aeneas.
686 1698 755 1739 ille
781 1712 826 1738 os
852 1698 1079 1751 oculosque
1104 1697 1312 1751 loquentis

197 1762 442 1804 iamdudum
469 1768 510 1802 et
535 1768 668 1801 totum
693 1761 898 1801 lustrabat
920 1760 1076 1801 lumine
1101 1775 1264 1814 corpus.

199 1832 287 1866 tum
312 1824 371 1865 sic
395 1837 529 1878 pauca
554 1823 697 1864 refert:
725 1828 791 1863 ‘ut
815 1829 868 1871 te,
894 1822 1117 1863 fortissime
1143 1822 1367 1871 Teucrum,

199 1887 356 1941 accipio
383 1899 647 1941 agnoscoque
672 1884 824 1926 libens!
852 1892 898 1926 ut
921 1885 1049 1926 verba
1073 1884 1255 1939 parentis

200 1957 241 1992 et
265 1963 412 1990 vocem
438 1947 650 1989 Anchisae
676 1947 818 2002 magni
845 1947 1087 2001 voltumque
1112 1946 1322 1988 recordor!

198 2027 296 2054 nam
320 2011 491 2052 memini
516 2010 729 2051 Hesionae
753 2009 956 2051 visentem
980 2024 1110 2064 regna
1134 2009 1284 2050 sororis

198 2073 588 2116 Laomedontiaden
612 2072 842 2122 Priamum,
870 2071 1084 2114 Salamina
1109 2078 1333 2127 petentem,

199 2137 386 2193 protinus
412 2135 620 2177 Arcadiae
645 2135 804 2190 gelidos
829 2135 1006 2176 invisere
1030 2134 1136 2175 finis.

200 2207 289 2241 tum
314 2198 415 2239 mihi
440 2198 574 2253 prima
598 2212 726 2252 genas
753 2197 931 2238 vestibat
954 2197 1054 2238 flore
1078 2196 1282 2247 iuventas,

199 2262 465 2314 mirabarque
491 2261 617 2301 duces
642 2260 842 2309 Teucros,
868 2259 1048 2300 mirabar
1072 2266 1114 2301 et
1135 2259 1273 2314 ipsum

201 2323 604 2371 Laomedontiaden,
631 2322 703 2363 sed
728 2322 885 2363 cunetis
912 2321 1032 2363 altior
1055 2321 1143 2362 ibat

201 2386 423 2429 Anchises.
471 2385 572 2425 mihi
602 2400 717 2425 mens
742 2384 924 2426 iuvenali
949 2384 1121 2425 ardebat
1145 2397 1284 2426 amore

203 2449 451 2504 compellare
476 2448 611 2488 virum
637 2455 676 2488 et
701 2447 871 2488 dextrae
896 2446 1147 2500 coniungere
1173 2446 1357 2487 dextram
1367 2462 1378 2496 ;

115 2525 179 2556 165
205 2512 359 2554 accessi
385 2518 425 2552 et
449 2510 624 2564 cupidus
648 2509 809 2551 Phenei
834 2509 912 2550 sub
937 2509 1100 2550 moenia
1124 2509 1236 2550 duxi.

203 2576 272 2617 ille
296 2573 397 2614 mihi
422 2572 629 2628 insignem
654 2572 890 2627 pharetram
915 2571 1154 2626 Lyciasque
1179 2571 1351 2626 sagittas

205 2637 420 2680 discedens
445 2635 792 2690 chlamydemque
817 2649 917 2677 auro
943 2635 1057 2677 dedit
1080 2635 1345 2676 intertextam
