1628 2847
127 425 168 456 55

127 736 169 766 60

127 1046 168 1077 65

128 1360 169 1390 70

129 1673 169 1703 75

131 1985 173 2016 80

134 2297 174 2328 85

193 113 278 157 300
601 121 645 157 P.
669 121 881 160 VERGILI
903 122 1129 161 MARONIS

195 226 417 269 debentem
441 240 549 268 vano
574 227 722 268 maesti
747 227 992 268 comitamur
1017 227 1186 270 honore.

193 289 351 338 infelix,
376 289 463 330 nati
487 289 614 330 funus
639 289 805 331 crudele
831 289 1010 331 videbis!

194 351 237 392 hi
261 352 390 393 nostri
414 352 571 393 reditus
597 352 887 406 expectatique
911 352 1133 407 triumphi?

194 414 298 455 haec
323 429 416 455 mea
439 429 594 469 magna
617 414 743 456 fides?
769 423 810 456 at
833 428 931 463 non,
956 414 1167 463 Euandre,
1193 414 1397 470 pudendis

193 477 435 518 vulneribus
460 477 627 531 pulsum
652 477 827 532 aspicies
852 491 929 518 nee
954 477 1107 532 sospite
1133 477 1267 518 dirum

194 539 356 593 optabis
381 545 478 579 nato
502 539 628 580 funus
653 546 784 594 pater.
833 539 871 580 ei
895 539 1010 588 mihi,
1036 546 1238 593 quantum

193 601 447 656 praesidium
473 601 666 643 Ausonia
690 608 731 643 et
755 609 957 655 quantum
982 609 1027 642 tn
1052 602 1202 657 perdis,
1229 601 1358 644 [ulel’

250 664 370 704 Haec
394 663 468 704 ubi
493 663 671 713 deflevit,
697 665 784 705 tolli
811 664 1044 705 miserabile
1070 679 1219 719 eorpus

193 725 370 780 imperat
395 734 436 767 et
460 732 547 766 toto
573 726 701 768 lectos
727 742 779 767 ex
803 726 968 780 agmine
993 726 1119 767 mittit

193 788 305 828 mille
330 787 453 837 viros,
479 788 550 841 qui
576 803 817 842 supremum
842 789 1091 829 comitentur
1115 788 1315 830 honorem

192 849 466 903 intersintque
490 850 619 904 patris
644 851 839 899 lacrimis,
866 850 1019 891 solacia
1043 851 1179 891 luctus

195 912 347 966 exigua
372 911 567 966 ingentiS,
593 911 743 953 misero
769 912 842 953 sed
868 911 1009 952 debita
1032 911 1153 966 patri.

194 973 306 1014 haud
333 988 481 1028 segnes
507 974 576 1014 alii
602 980 735 1015 crates
761 980 802 1015 et
825 974 950 1015 molle
974 974 1173 1015 feretrum

194 1035 377 1077 arbuteis
404 1042 550 1077 texunt
575 1036 703 1091 virgis
729 1042 770 1077 et
793 1036 947 1077 vimine
972 1050 1131 1090 querno

195 1104 489 1152 extructosque
514 1105 624 1139 toros
651 1098 824 1139 obtentu
850 1098 1008 1139 frondis
1033 1098 1285 1139 inumbrant.

193 1161 260 1201 hic
284 1161 478 1201 iuvenem
505 1161 657 1214 agresti
684 1160 907 1201 sublimem
932 1160 1128 1201 stramine
1153 1166 1327 1215 ponunt,

194 1223 360 1276 qualem
385 1223 572 1277 virgineo
599 1223 834 1264 demessum
859 1223 1007 1277 pollice
1032 1223 1177 1264 florem

195 1300 268 1327 seu
292 1285 428 1326 mollis
454 1285 589 1326 violae
615 1300 689 1326 seu
714 1285 950 1340 languentis
976 1284 1203 1339 hyacinthi,

195 1348 262 1390 cui
285 1362 421 1401 neque
446 1348 586 1402 fulgor
611 1347 748 1388 adhuc
772 1362 850 1388 nec
876 1347 977 1388 dum
1003 1362 1078 1388 sua
1102 1347 1236 1388 forma
1261 1346 1449 1395 recessit3

194 1425 277 1452 non
301 1411 384 1451 iam
409 1416 542 1452 mater
566 1410 640 1450 alit
664 1410 785 1451 tellus
810 1410 994 1464 virisque
1019 1409 1235 1452 ministrat.

194 1480 283 1514 tum
309 1472 496 1527 geminas
523 1479 659 1514 vestes
684 1487 869 1526 auroque
895 1479 1089 1526 ostroque
1114 1471 1285 1528 rigentis

196 1536 344 1577 extulit
369 1536 554 1584 Aeneas,
580 1549 684 1589 quas
710 1535 769 1576 illi
793 1536 904 1576 laeta
927 1535 1119 1576 laborum

195 1599 287 1653 ipsa
313 1598 397 1639 suis
423 1598 637 1651 quondam
662 1598 855 1639 manibus
882 1597 1058 1640 Sidonia
1081 1597 1196 1638 Dido

195 1661 352 1702 fecerat
376 1667 417 1701 et
442 1660 557 1701 tenui
582 1661 684 1702 telas
711 1660 964 1702 discreverat
988 1675 1102 1701 auro.

196 1723 344 1764 harum
370 1738 498 1764 unam
522 1722 663 1765 iuveni
689 1738 930 1778 supremum
956 1729 1138 1763 maestus
1164 1721 1362 1763 honorem

196 1785 331 1827 induit
354 1799 603 1838 arsurasque
628 1799 768 1826 comas
793 1784 971 1826 obnubit
995 1784 1162 1834 amictu,

198 1848 413 1901 multaque
439 1855 653 1902 praeterea
678 1847 901 1888 Laurentis
927 1847 1110 1902 praemia
1135 1861 1302 1901 pugnae

199 1917 372 1965 aggerat
397 1916 438 1951 et
461 1910 588 1965 longo
613 1910 814 1964 praedam
838 1909 953 1950 iubet
978 1909 1122 1950 ordine
1149 1909 1257 1950 (luci.

199 1973 315 2014 addit
339 1987 467 2026 equos
494 1979 534 2014 et
558 1973 654 2021 tela,
681 1972 833 2026 quibus
858 1972 1109 2026 spoliaverat
1132 1971 1306 2012 hostem.

199 2036 391 2076 vinxerat
415 2042 456 2076 et
480 2041 575 2090 post
599 2041 718 2089 terga
742 2050 905 2083 manus,
931 2049 1035 2088 quos
1060 2034 1242 2075 mitteret
1265 2034 1424 2076 umbris

197 2098 380 2146 inferias,
407 2112 527 2138 caeso
553 2112 772 2152 sparsurus
799 2097 1003 2152 sanguine
1027 2097 1230 2146 flammas,

199 2161 449 2214 indutosque
474 2160 591 2201 iubet
615 2167 784 2201 truncos
811 2160 1030 2200 hostilibus
1056 2159 1180 2200 armis

199 2224 311 2278 ipsos
336 2223 443 2264 ferre
469 2222 596 2264 duces
620 2222 872 2276 inimicaque
897 2222 1066 2263 nomina
1090 2221 1174 2275 figi.

202 2285 368 2327 ducitur
392 2285 536 2326 infelix
562 2299 666 2326 aevo
693 2285 907 2327 confectus
932 2286 1129 2333 Acoetes,

199 2354 368 2404 pectora
392 2362 503 2389 nunc
527 2347 701 2389 foedans
726 2348 892 2402 pugnis,
917 2361 1029 2388 nunc
1053 2346 1266 2400 unguibus
1291 2360 1375 2395 ora,

203 2410 400 2452 sternitur
424 2417 465 2451 et
489 2417 574 2451 toto
598 2410 805 2465 proiectus
831 2424 1003 2464 corpore
1029 2416 1173 2451 terrae.

201 2473 362 2514 ducunt
386 2480 427 2514 et
450 2473 607 2514 Rutulo
633 2472 824 2527 perfusos
850 2472 1051 2527 sanguine
1079 2486 1236 2512 currus.

199 2542 294 2590 post
317 2535 492 2576 bellator
517 2549 648 2588 equus
674 2535 816 2590 positis
843 2534 1074 2589 insignibus
1099 2533 1271 2574 Aethon

137 2609 178 2640 90
202 2599 235 2639 it
258 2597 478 2640 lacrimans
503 2597 714 2653 guttisque
740 2604 923 2640 umectat.
946 2596 1174 2652 grandibus
1201 2610 1284 2637 ora.
