1660 2847
576 147 828 184 AENEIDOS
853 147 949 182 LIB.
975 147 1021 183 V.

132 268 231 308 ergo
256 254 366 310 agite
391 259 432 295 et
454 253 610 295 laetum
636 252 774 294 cuncti
800 252 1056 294 celebremus
1081 251 1301 301 honorem3

131 331 350 371 poscamus
375 322 534 364 ventos,
560 322 685 368 atque
711 315 813 356 haec
837 330 904 356 me
931 329 1048 355 sacra
1073 315 1292 368 quotannis

131 378 234 420 urbe
259 378 358 420 velit
380 377 514 433 posita
539 378 704 432 templis
731 377 809 418 sibi
833 377 940 418 ferre
966 377 1123 419 dicatis.

132 439 230 481 bina
255 440 382 480 boum
405 438 524 480 vobis
549 439 676 479 Troia
699 446 923 494 generatus
947 439 1124 480 Acestes

131 501 202 542 dat.
225 515 396 543 numero
421 501 557 556 capita
582 501 624 541 in
648 501 786 549 navis3
812 500 1005 542 adhibete
1031 508 1201 555 penates

131 572 170 605 ct
193 564 348 619 patrios
373 563 505 618 epulis
532 569 572 604 et
597 577 700 617 quos
726 563 824 604 colit
847 563 998 618 hospes
1023 564 1214 604 Acestes.

130 633 355 679 praeterea,
381 626 415 666 si
439 640 549 666 nona
574 625 682 666 diem
708 625 951 666 mortalibus
976 626 1133 666 almum

129 688 296 729 Aurora
321 687 515 729 extulerit
538 687 749 741 radiisque
773 687 969 729 retexerit
993 688 1149 737 orbem,

128 749 262 803 prima
286 749 391 790 citae
416 749 589 791 Teucris
614 764 767 804 ponam
792 749 1019 791 certamina
1044 750 1205 799 classis3

128 811 281 865 quique
305 812 461 867 pedum
486 826 610 853 cursu
635 812 746 853 valet
770 819 809 852 et
834 811 905 865 qui
930 811 1086 852 viribus
1113 811 1251 852 audax

128 880 199 914 aut
221 874 357 915 iaculo
381 873 535 915 incedit
558 873 705 915 melior
729 873 976 927 levibusque
1002 873 1178 928 sagittis,

128 949 201 976 seu
227 936 354 976 crudo
379 936 469 976 fidit
491 951 676 991 pugnam
703 936 958 977 committere
983 943 1137 983 caestu,

128 997 265 1038 cuncti
290 997 427 1039 adsint
450 998 706 1051 meritaeque
731 1005 951 1053 expectent
974 998 1158 1052 praemia
1182 997 1358 1053 palmae.

128 1072 198 1100 ore
223 1059 360 1101 favete
386 1074 529 1101 omnes
555 1067 595 1100 et
621 1060 773 1114 cingite
798 1068 986 1114 tempora
1009 1060 1161 1101 ramis.’

185 1119 256 1162 Sic
280 1122 389 1162 fatus
416 1122 525 1163 velat
549 1129 738 1162 materna
763 1130 950 1176 tempora
974 1129 1129 1177 myrto:

127 1181 206 1223 1100
230 1184 437 1238 Helymus
462 1183 574 1233 facit,
600 1183 678 1224 hoc
704 1184 795 1225 aevi
820 1191 1006 1225 maturus
1031 1185 1222 1232 Acestes,

127 1244 205 1286 1100
228 1260 332 1300 puer
357 1245 579 1295 Ascanius,
605 1246 792 1299 sequitur
816 1260 920 1299 quos
946 1253 1083 1288 cetera
1107 1247 1254 1301 pubes.

125 1306 194 1348 ille
219 1322 242 1348 e
266 1307 438 1348 001101110
463 1308 603 1349 multis
629 1323 723 1349 cum
748 1308 916 1349 milibus
940 1308 1027 1349 ibat

127 1368 179 1409 ad
204 1370 423 1419 tumulum,
448 1385 602 1425 magna
625 1370 787 1411 medius
813 1371 1035 1412 comitante
1061 1379 1240 1413 caterva.

126 1431 192 1472 hic
217 1432 300 1473 duo
324 1432 401 1474 rite
427 1447 540 1474 mero
565 1433 699 1473 libans
726 1432 938 1474 carchesia
963 1433 1131 1474 Baccho

124 1492 263 1534 fundit
286 1494 414 1544 humi,
440 1495 523 1536 duo
547 1495 654 1536 lacte
678 1509 801 1544 n0v0,
827 1495 909 1535 duo
935 1495 1137 1550 sanguine
1163 1509 1294 1545 sacro,

123 1570 438 1611 purpureosque
462 1557 560 1598 iacit
583 1558 703 1598 flores
730 1572 779 1598 ac
804 1558 902 1598 talia
925 1557 1055 1599 fatur:

125 1619 272 1668 ‘salve,
300 1626 441 1661 sancte
465 1635 628 1674 parens,
654 1620 822 1669 iterum3
848 1620 1017 1669 salvete,
1043 1621 1199 1676 recepti

123 1681 378 1735 nequiquam
403 1681 561 1723 cineres
586 1682 834 1735 animaeque
858 1682 1118 1737 umbraeque
1141 1690 1353 1738 paternae.

124 1757 208 1784 non
231 1743 349 1785 licuit
371 1744 464 1785 finis
488 1744 616 1785 Italos
641 1744 866 1798 fataliaque
890 1759 991 1786 arva

1396 139 1477 181 169

1503 387 1544 418 60

1503 697 1544 728 65

1502 1008 1543 1038 70

1501 1319 1542 1349 75

1498 1630 1541 1661 80

124 1820 201 1847 nec
219 1812 357 1847 tecum
378 1805 629 1855 Ausonium,
649 1806 902 1859 quicumque
921 1813 996 1855 est,
1019 1820 1218 1860 quaerere
1239 1805 1471 1862 Thybrim?

126 1867 287 1908 dixerat
310 1866 425 1915 haec,
451 1867 588 1922 adytis
614 1882 708 1908 cum
733 1867 917 1908 lubricus
943 1868 1091 1922 anguis
1117 1868 1170 1908 ab
1194 1868 1287 1910 imis

127 1936 284 1984 septem
308 1929 456 1985 ingens
480 1944 620 1984 gyros,
646 1936 816 1984 septena
841 1930 1054 1971 volumina
1078 1930 1215 1980 traxit,

127 1992 341 2046 amplexus
365 1991 527 2046 placide
553 1992 761 2033 tumulum
785 1992 1012 2046 lapsusque
1037 2007 1110 2047 per
1135 2008 1241 2042 aras,

126 2054 339 2095 caeruleae
365 2054 432 2095 cui
456 2061 573 2108 terga
596 2061 718 2095 notae
743 2054 979 2095 maculosus
1004 2061 1043 2095 et
1068 2069 1169 2095 auro

126 2130 341 2169 squamam
366 2116 615 2158 incendebat
639 2116 790 2171 fulgor,
817 2131 894 2157 ceu
918 2116 1100 2157 nubibus
1127 2131 1246 2158 arcus

126 2177 237 2219 mille
261 2177 359 2219 iacit
381 2178 518 2219 varios
543 2178 718 2219 adverso
745 2179 831 2219 sole
857 2178 1027 2219 colores.

126 2240 326 2295 obstipuit
347 2240 439 2281 visu
463 2241 645 2282 Aeneas.
692 2240 761 2281 ille
786 2240 952 2295 agmine
975 2241 1099 2294 longo

126 2302 294 2344 tandem
318 2301 424 2344 inter
448 2310 611 2357 pateras
637 2309 677 2344 et
700 2302 809 2344 levia
833 2302 984 2356 pocula
1009 2317 1178 2357 serpens

125 2364 354 2418 libavitque
379 2364 506 2419 dapes
530 2379 758 2418 rursusque
782 2364 976 2405 innoxius
1001 2365 1084 2405 imo

127 2426 324 2469 successit
347 2426 506 2468 tumulo
532 2434 573 2468 01
597 2428 769 2482 depasta
793 2427 938 2468 altaria
960 2427 1095 2480 liquit.

126 2489 205 2530 hoc
229 2488 363 2544 magis
388 2489 574 2544 inceptos
599 2489 776 2544 genitori
801 2490 1005 2530 instaurat
1027 2489 1219 2538 honores,

125 2550 322 2600 incertus,
349 2551 571 2605 geniumne
596 2551 674 2593 loci
699 2552 958 2593 famulumne
982 2551 1164 2606 parentis

127 2628 217 2655 esse
242 2620 378 2669 putet,
404 2614 538 2655 caedit
562 2614 681 2655 binas
707 2614 757 2656 de
782 2628 897 2655 more
921 2613 1100 2654 bidentis

1497 1942 1538 1973 85

1499 2253 1540 2283 90
