1628 2847
185 131 269 175 302
594 138 638 174 P.
657 138 869 177 VERGILI
892 139 1117 177 MARONIS

97 257 160 289 130
183 245 286 299 quin
311 250 353 287 et
377 243 513 286 fatalis
538 257 752 285 murorum
778 244 966 286 attollere
991 245 1120 287 moles

95 570 156 600 135

93 883 156 913 140

93 1195 154 1226 145

91 1511 154 1541 150

90 1822 152 1853 155

90 2134 154 2165 160

91 2449 153 2481 165

184 322 368 361 saxaque
394 307 640 348 subvectare
665 307 818 348 umeris
843 307 1026 348 Troiana
1049 308 1235 350 iuvabit?

184 371 345 411 dixerat
367 370 483 418 haec,
514 382 681 422 unoque
707 383 849 410 omnes
875 369 1022 411 eadem
1047 384 1117 411 ore
1141 371 1388 413 fremebant.

183 433 247 474 bis
273 446 393 473 senos
418 431 617 486 pepigere
642 431 729 472 dies
755 438 796 472 et
819 446 922 486 pace
948 440 1162 486 sequestra

182 510 256 551 per
280 495 403 536 silvas
428 493 582 535 Teucri
607 493 809 547 mixtique
833 494 988 548 inpune
1013 494 1155 536 Latini

183 572 371 600 erravere
396 556 517 611 iugis.
567 556 676 597 ferro
701 563 822 597 sonat
846 557 929 598 alta
954 557 1123 612 bipenni

181 620 381 669 fraxinus,
407 625 597 661 evertunt
622 625 734 660 actas
761 619 812 660 ad
840 619 975 660 sidera
1000 619 1132 673 pinos,

181 683 331 724 robora
353 695 431 723 nec
455 681 598 722 cuneis
625 687 665 722 et
690 682 870 723 olentem
897 681 1085 723 scindere
1110 682 1279 724 cedrum

181 760 258 787 nec
282 744 479 799 plaustris
504 750 668 785 cessant
692 750 857 786 vectare
882 744 1146 799 gementibus
1171 759 1306 786 ornos.

236 807 294 849 Et
316 807 399 847 iam
424 806 557 847 Fama
580 807 739 856 volans,
765 806 870 847 tanti
894 807 1143 861 praenuntia
1166 807 1316 857 luctus,

180 869 427 911 Euandrum
451 867 725 922 Euandrique
751 869 895 910 domos
921 875 961 910 et
987 869 1153 910 moenia
1177 870 1321 924 replet,

180 947 287 987 quae
313 931 436 972 modo
461 930 662 972 victorem
687 931 813 972 Latio
839 931 1035 972 Pallanta
1058 931 1232 973 ferebat.

180 994 370 1037 Arcades
395 993 448 1034 ad
472 999 613 1048 portas
638 1008 757 1035 ruere
782 999 823 1035 et
847 993 898 1035 de
923 1008 1037 1035 more
1062 1000 1226 1036 vetusto

180 1058 375 1099 funereas
401 1070 578 1111 rapuere
602 1055 735 1105 faces3
760 1056 873 1097 lucet
897 1056 965 1097 via
988 1056 1114 1112 longo

180 1120 324 1162 ordine
347 1119 611 1160 flammarum
636 1124 678 1160 et
701 1118 784 1160 late
810 1118 1064 1160 discriminat
1088 1133 1225 1174 agros.

179 1189 323 1225 contra
346 1181 470 1223 turba
491 1180 714 1236 Phrygum
739 1181 908 1222 veniens
932 1182 1174 1236 plangentia
1197 1181 1334 1236 iungit

180 1245 361 1301 agmina.
409 1258 518 1298 quae
541 1251 765 1298 postquam
789 1250 942 1285 matres
968 1244 1191 1285 succedere
1217 1243 1335 1286 tectis

179 1308 386 1356 viderunt,
412 1312 614 1347 maestam
638 1306 868 1348 incendunt
892 1306 1143 1348 clamoribus
1170 1307 1328 1348 urbem.

179 1378 223 1413 at
244 1385 328 1412 non
354 1369 601 1410 Euandrum
626 1369 734 1423 potis
760 1375 822 1410 est
846 1368 907 1410 vis
935 1369 1020 1410 ulla
1045 1375 1199 1419 tenere,

179 1434 252 1477 sed
277 1432 392 1475 venit
414 1432 457 1473 in
482 1431 654 1473 medios.
704 1431 856 1473 feretro
880 1431 1076 1472 Pallanta
1099 1438 1266 1486 reposto

176 1495 401 1553 procubuit
424 1509 550 1549 super
574 1500 699 1548 atque
723 1493 867 1535 haeret
890 1493 1196 1547 lacrimansque
1221 1507 1491 1549 gemensque,

179 1567 220 1602 et
243 1559 312 1600 via
335 1557 407 1599 vix
431 1557 601 1598 tandem
625 1556 718 1598 voci
742 1556 882 1597 laxata
907 1556 1049 1598 dolore
1074 1563 1155 1598 est:

180 1627 283 1663 ‘non
309 1620 426 1671 haec,
452 1634 476 1661 o
501 1618 636 1669 Palla,
662 1618 838 1661 dederas
862 1619 1067 1674 promissa
1091 1618 1267 1674 parenti.

179 1683 341 1727 cautius
365 1689 413 1723 ut
436 1696 561 1724 saevo
586 1681 714 1723 velles
740 1688 780 1723 te
806 1682 975 1723 credere
999 1681 1147 1723 Marti!

177 1747 291 1789 haud
314 1746 486 1802 ignarus
510 1759 638 1794 eram,
665 1751 869 1798 quantum
893 1759 1004 1785 nova
1027 1744 1162 1799 gloria
1186 1743 1228 1785 in
1253 1742 1378 1785 armis

178 1818 219 1852 et
243 1808 466 1864 praedulce
491 1807 619 1848 decus
644 1807 780 1861 primo
807 1807 1031 1848 certamine
1055 1813 1209 1861 posset.

178 1871 385 1928 primitiae
409 1869 571 1911 iuvenis
597 1869 772 1911 miserae
798 1869 980 1922 bellique
1005 1868 1228 1924 propinqui

179 1936 283 1976 dura
306 1933 543 1975 rudimenta
569 1938 609 1974 et
634 1931 739 1972 nulli
765 1931 962 1972 exaudita
987 1931 1160 1973 deorum

177 2005 275 2039 vota
299 2010 527 2051 precesque
551 1994 693 2037 meae!
720 2001 862 2048 tuque,
889 2008 912 2034 o
938 1994 1199 2035 sanctissima
1223 1993 1418 2042 coniunx,

177 2060 278 2102 felix
300 2065 432 2101 morte
456 2065 529 2099 tua
552 2071 688 2111 neque
713 2057 756 2098 in
780 2056 892 2098 hunc
917 2064 1081 2098 servata
1106 2055 1310 2098 dolorem!

178 2129 321 2164 contra
346 2136 424 2176 ego
450 2120 630 2162 vivendo
655 2120 737 2161 vici
761 2134 855 2160 mea
879 2119 979 2169 fata,
1005 2125 1214 2173 superstes

178 2191 378 2226 restarem
403 2190 449 2224 ut
473 2183 649 2238 genitor.
699 2182 858 2223 Troum
885 2181 996 2223 socia
1021 2197 1136 2222 arma
1161 2186 1350 2222 secutum

179 2248 403 2288 obruerent
427 2246 573 2288 Rutuli
597 2244 706 2287 telis!
734 2245 916 2285 animam
940 2244 1030 2299 ipse
1056 2243 1262 2284 dedissem

179 2316 304 2363 atque
329 2309 431 2350 haec
455 2322 609 2363 pompa
635 2308 804 2347 domum
829 2322 909 2356 me,
934 2321 1018 2347 non
1043 2306 1239 2347 Pallanta
1262 2302 1453 2347 referret!

178 2387 257 2413 nec
282 2386 355 2412 vos
381 2371 604 2426 arguerim,
631 2370 797 2418 Teucri,
823 2384 900 2411 nec
925 2369 1094 2410 foedera
1117 2382 1196 2409 nec
1220 2381 1323 2422 quas

177 2434 390 2477 iunximus
416 2434 595 2489 hospitio
622 2433 808 2474 dextras:
836 2448 924 2473 sors
950 2432 1028 2473 ista
1053 2437 1244 2472 senectae

180 2497 321 2540 debita
344 2503 433 2538 erat
455 2503 633 2538 nostrae.
683 2495 796 2550 quod
822 2495 855 2536 si
879 2495 1087 2536 inmatura
1110 2492 1308 2534 manebat

177 2575 289 2603 mors
314 2566 501 2615 gnatum,
529 2558 660 2601 caesis
686 2558 936 2601 Volscorum
960 2556 1127 2598 milibus
1153 2562 1249 2596 ante

180 2624 400 2666 ducentem
424 2622 467 2663 in
491 2621 664 2663 Latium
690 2621 876 2663 Teucros
903 2619 1099 2662 cecidisse
1124 2617 1299 2659 iuvabit.

1612 1431 1622 1643 *mma-*u
1612 1383 1622 1415 n„
1614 1331 1621 1376 ,Α
1616 1295 1621 1318 ,⁴
1619 1268 1621 1287 a.
