1628 2847
165 514 206 545 95

143 826 205 857 100

144 1139 204 1170 105

143 1454 206 1484 110

143 1769 206 1799 115

146 2084 208 2115 120

148 2397 207 2427 125

230 138 312 181 358
813 147 992 194 ovnEx.

231 252 368 307 dirigit
394 253 475 294 huc
501 267 658 301 sensus,
684 251 787 295 haec
813 267 912 295 cura
937 260 1000 296 est
1023 253 1190 295 subdita
1215 254 1342 306 cordi,

230 315 417 369 quolibet
441 322 486 355 ut
510 315 652 368 requie
678 316 789 356 victu
816 322 1033 357 contentus
1060 316 1256 366 abundet,

230 377 496 430 iucundoque
520 377 630 418 levet
654 377 896 433 languentia
920 392 1093 433 corpora
1117 393 1275 420 somno.

231 454 255 482 ο
279 440 475 495 pecudes,
501 454 524 480 o
550 455 678 494 panes
704 447 745 482 et
769 454 792 481 o
817 440 1053 495 gratissima
1077 447 1214 495 tempe

231 502 389 543 frondis
415 502 758 557 hamadryadum‚
785 517 961 556 quarum
985 518 1069 544 non
1094 503 1220 544 divite
1246 503 1359 546 cultu

230 566 419 608 aemulus
443 566 632 606 Ascraeo
657 573 798 620 pastor
823 566 902 607 sibi
927 566 1102 620 quisque
1126 574 1275 621 poetae

231 643 420 670 securam
444 628 608 682 placido
633 628 812 669 traducit
836 635 1002 683 pectore
1028 629 1174 670 vitam!

287 690 461 731 Talibus
486 690 528 731 in
554 690 700 731 studiis
724 691 874 732 baculo
901 691 1000 731 dum
1024 691 1146 732 nixus
1172 691 1331 746 apricas

231 759 372 809 pastor
396 752 483 808 agit
507 767 627 794 curas
652 760 690 794 et
717 753 816 793 dum
841 768 925 794 non
950 760 1037 795 arte
1063 769 1215 795 canora

231 822 448 870 compacta
473 815 639 856 solitum
665 816 902 856 modulatur
927 815 1157 857 harundine
1183 830 1362 866 carmen,

229 878 361 919 tendit
385 878 598 919 inevectus
624 877 761 918 radios
788 877 1042 932 Hyperionis
1068 879 1190 919 ardor

228 939 452 993 lucidaque
478 939 660 980 aetherio
684 939 800 994 ponit
826 940 1063 981 discrimina
1088 940 1257 990 mundo,

230 1002 330 1043 dum
355 1002 451 1043 iacit
476 1000 695 1043 Oceanum
720 1003 907 1043 flammas
933 1003 975 1044 in
1000 1010 1223 1056 utrumque
1249 1017 1432 1058 rapaces.

232 1072 274 1106 et
297 1065 378 1106 iam
406 1065 677 1119 compellente
704 1079 837 1119 vagae
862 1072 1026 1120 pastore
1052 1066 1234 1120 capellae

229 1128 313 1169 ima
337 1127 587 1168 susurrantis
613 1128 857 1182 repetebant
881 1128 933 1168 ad
959 1128 1066 1169 vada
1090 1127 1299 1183 lymphae,

230 1206 338 1245 quae
363 1190 505 1231 subter
529 1189 704 1231 viridem
729 1190 967 1231 residebant
992 1191 1157 1232 caerula
1182 1204 1384 1231 muscum.

229 1254 313 1295 iam
337 1252 494 1294 medias
520 1267 692 1307 operum
718 1259 855 1307 partes
882 1260 1049 1294 evectus
1076 1259 1162 1294 erat
1188 1253 1262 1301 sol,

232 1331 328 1358 cum
353 1316 502 1357 densas
527 1322 668 1370 pastor
693 1315 874 1370 pecudes
900 1315 1077 1370 cogebat
1102 1315 1145 1356 in
1169 1315 1338 1356 umbras

232 1385 272 1421 et
296 1379 440 1434 procul
466 1377 656 1433 adspexit
680 1379 774 1419 luco
799 1377 980 1419 residere
1006 1378 1168 1427 virenti,

231 1441 357 1484 Delia
382 1441 490 1488 diva,
517 1447 601 1488 tuo,
629 1455 711 1494 quo
736 1440 947 1494 quondam
972 1440 1082 1482 victa
1105 1440 1245 1482 furore

230 1505 345 1547 venit
368 1503 608 1559 Nyctelium
633 1503 800 1558 fugiens
828 1502 1024 1545 Cadmeis
1050 1504 1215 1558 Agaue,

229 1567 421 1610 infandas
448 1566 646 1608 scelerata
671 1581 818 1607 manus
844 1581 866 1607 e
891 1566 1017 1607 caede
1043 1573 1231 1607 cruenta:

230 1645 339 1686 quae
364 1629 511 1684 gelidis
539 1628 739 1670 bacchata
764 1628 872 1683 iugis
897 1629 1102 1682 requievit
1126 1628 1167 1670 in
1193 1634 1323 1676 antro,

231 1693 436 1750 posterius
462 1706 639 1747 poenam
665 1692 750 1732 nati
777 1692 827 1733 de
851 1698 984 1733 morte
1009 1692 1169 1732 datura.

231 1758 298 1799 hic
323 1756 447 1797 etiam
473 1754 595 1796 viridi
620 1755 810 1796 ludentes
835 1769 963 1809 panes
987 1754 1030 1794 in
1054 1754 1183 1794 herba

232 1827 273 1862 et
297 1818 424 1873 satyri
449 1817 712 1872 dryadesque
738 1817 883 1858 choros
909 1831 1032 1871 egere
1057 1816 1222 1871 puellae

231 1882 428 1924 naiadum
454 1887 592 1922 coetu:
619 1887 779 1921 tantum
804 1894 888 1920 non
915 1879 1105 1934 Orpheus
1131 1878 1323 1919 Hebrum

231 1951 456 1987 restantem
481 1942 614 1985 tenuit
638 1942 737 1998 ripis
763 1942 971 1995 silvasque
997 1941 1198 1989 canendo,

233 2014 434 2063 quantum
461 2013 514 2056 te,
540 2005 700 2061 pernix,
727 2011 999 2053 remorantur,
1027 2004 1137 2053 diva,
1164 2003 1314 2044 chorea

233 2072 365 2112 multa
389 2077 460 2110 tuo
486 2070 618 2110 laetae
643 2069 865 2110 fundentes
891 2067 1046 2123 gaudia
1071 2066 1201 2115 vultu,

232 2135 322 2189 ipsa
346 2132 426 2173 loci
452 2139 600 2172 natura
625 2131 808 2179 domum,
834 2136 1053 2171 resonante
1079 2142 1262 2177 susurro,

234 2196 325 2251 quis
351 2195 478 2236 dabat
503 2202 544 2235 et
568 2194 679 2235 dulci
703 2193 834 2235 fessas
858 2192 1076 2234 refovebat
1099 2191 1143 2232 in
1167 2190 1328 2232 umbra.

232 2274 329 2300 nam
354 2258 533 2313 primum
560 2271 691 2312 prona
715 2256 945 2310 surgebant
970 2255 1077 2296 valle
1101 2260 1288 2309 patentes

233 2321 367 2363 aeriae
391 2319 561 2375 platani,
586 2319 694 2361 inter
718 2333 821 2372 quas
846 2318 974 2372 impia
998 2317 1116 2365 lotos,

234 2385 373 2438 impia,
400 2397 507 2436 quae
534 2383 666 2423 socios
691 2381 826 2422 Ithaci
851 2380 1072 2421 maerentis
1097 2378 1252 2434 abegit,

234 2446 397 2501 hospita
422 2445 520 2485 dum
546 2445 673 2485 nimia
698 2444 830 2486 tenuit
854 2442 1073 2484 dulcedine
1099 2448 1253 2496 captos.

236 2517 276 2550 at
301 2508 452 2562 quibus
477 2507 631 2562 insigni
656 2522 780 2548 curru
804 2505 1012 2561 proiectus
1038 2518 1240 2557 equorum

236 2571 452 2613 ambustus
476 2569 698 2611 Phaethon
722 2571 839 2610 luctu
863 2573 1097 2608 mutaverat
1121 2572 1248 2615 artus,

237 2632 451 2681 Heliades,
478 2632 627 2673 teneris
653 2632 846 2688 inplexae
872 2629 1065 2671 bracchia
1090 2627 1258 2678 truncis,
