1622 2847
74 507 136 538 385

73 817 137 848 390

73 1129 137 1160 395

71 1442 136 1472 400

72 1755 136 1785 405

72 2068 138 2099 410

74 2380 138 2410 415

167 133 247 176 140
577 143 619 178 Ρ.
640 142 850 180 VERGILI
876 144 1100 182 MARONJS

164 248 366 303 principio
390 248 569 297 Italiam,
594 262 720 302 quam
745 255 789 289 tu
813 248 896 289 iam
921 264 1010 291 rere
1034 251 1312 306 propinquam

163 311 417 364 vicinosque,
443 310 601 364 ignare,
626 325 747 365 paras
772 310 968 352 invadere
994 320 1150 366 portus,

162 373 288 428 longa
315 374 457 428 procul
482 373 616 427 longis
643 373 710 414 via
735 374 882 414 dividit
906 375 1017 416 invia
1042 376 1172 418 terris.

162 442 256 477 ante
282 443 323 477 et
345 436 562 476 Trinacria
586 436 805 476 lentandus
830 452 968 477 remus
993 438 1034 478 in
1060 439 1173 479 unda

163 504 204 539 et
229 498 326 539 salis
353 497 531 538 Ausonii
555 498 814 538 lustrandum
842 499 1018 540 navibus
1044 515 1200 554 aequor

162 560 397 613 infernique
421 560 536 601 lacus
562 560 815 613 Aeaeaeque
840 561 975 602 insula
1001 560 1162 612 Circae,

163 637 289 676 quam
314 629 403 663 tuta
426 622 560 677 possis
585 622 731 664 urbem
757 637 1004 677 componere
1030 631 1149 666 terra.

163 684 282 739 signa
306 684 381 724 tibi
407 684 555 733 dicam,
581 691 627 724 tu
651 685 818 726 condita
842 692 980 727 mente
1005 693 1161 728 teneto:

163 761 258 787 cum
283 746 358 787 tibi
383 746 558 788 sollicito
585 747 731 788 secreti
756 748 809 788 ad
834 748 1014 789 fluminis
1040 750 1196 790 undam

162 808 317 849 litoreis
343 808 489 863 ingens
514 808 684 850 inventa
708 809 786 849 sub
810 810 973 850 ilicibus
1001 825 1069 851 sus

162 870 332 924 triginta
357 870 540 925 capitum
565 870 674 912 fetus
700 871 823 912 enixa
846 871 1008 920 iacebit,

162 933 258 973 alba
283 933 368 973 solo
393 933 611 982 recubans,
637 933 721 974 albi
746 934 901 975 circum
924 935 1056 975 ubera
1079 935 1178 983 nati,

161 994 195 1035 is
221 995 336 1036 locus
361 995 476 1035 urbis
503 995 590 1044 erit,
617 996 780 1049 requies
806 1011 854 1037 ea
879 1003 991 1037 certa
1019 997 1222 1038 laborum.

162 1071 239 1098 nec
264 1063 308 1097 tu
333 1071 570 1099 mensarum
596 1072 758 1098 morsus
784 1057 976 1100 horresce
1001 1058 1182 1100 futuros:

163 1119 250 1160 fata
275 1119 386 1160 viam
410 1120 624 1161 invenient
648 1120 861 1174 aderitque
886 1128 1058 1162 vocatus
1083 1122 1251 1176 Apollo.

162 1181 237 1222 has
263 1189 402 1223 autem
427 1189 556 1223 terras
582 1182 761 1236 Italique
786 1183 894 1224 hanc
918 1183 1047 1224 litoris
1073 1198 1201 1233 oram,

160 1244 351 1299 proxima
375 1259 483 1298 quae
507 1245 637 1285 nostri
662 1245 925 1300 perfunditur
949 1247 1139 1299 aequoris
1165 1253 1295 1294 aestu,

162 1307 321 1362 effuge3
347 1314 497 1348 cuncta
521 1307 641 1348 malis
667 1307 906 1348 habitantur
929 1308 1094 1349 moenia
1119 1308 1258 1351 Grais.

161 1369 229 1410 hic
253 1376 295 1410 et
317 1369 487 1423 Narycii
511 1377 741 1424 posuerunt
764 1370 928 1411 moenia
951 1370 1078 1412 Locri

162 1438 203 1473 et
229 1431 482 1473 Sallentinos
508 1431 672 1473 obsedit
694 1433 822 1473 milite
848 1447 1016 1487 campos

161 1495 338 1549 Lyctius
363 1494 628 1543 Idomeneus,
654 1494 720 1536 hic
745 1495 815 1536 illa
840 1495 956 1536 ducis
981 1495 1183 1537 Meliboei

160 1572 290 1612 parva
314 1556 573 1598 Philoctetae
599 1557 778 1598 subnixa
800 1557 963 1598 Petelia
985 1573 1118 1599 muro.

162 1619 264 1674 quin
287 1619 361 1660 ubi
385 1619 653 1661 transmissae
678 1620 865 1662 steterint
888 1627 1001 1661 trans
1027 1635 1209 1674 aequora
1234 1621 1386 1663 classes

162 1689 203 1723 et
226 1682 370 1737 positis
395 1681 476 1722 aris
501 1682 585 1723 iam
609 1690 707 1723 vota
730 1683 773 1723 in
797 1683 914 1724 litore
940 1683 1088 1733 solves,

161 1759 370 1800 purpureo
395 1744 534 1786 velare
560 1759 698 1786 comas
724 1745 947 1800 adopertus
972 1746 1138 1795 amictu,

162 1822 300 1861 nequa
323 1807 430 1849 inter
455 1814 618 1848 sanctos
643 1808 751 1862 ignis
776 1808 818 1848 in
844 1807 999 1849 honore
1024 1808 1196 1849 deorum

162 1869 321 1910 hostilis
346 1869 474 1911 facies
500 1877 689 1911 occurrat
713 1878 754 1911 et
778 1871 918 1911 omina
942 1871 1092 1911 turbet.

162 1931 273 1973 hunc
298 1932 397 1973 socii
421 1947 579 1973 morem
604 1947 829 1982 sacrorum,
855 1933 965 1973 hunc
990 1933 1078 1988 ipse
1104 1939 1256 1983 teneto,

162 1994 241 2036 hac
265 1995 367 2036 casti
390 2002 587 2036 maneant
609 1995 652 2035 in
676 1995 891 2051 relligione
915 2002 1099 2050 nepotes,

162 2063 227 2098 ast
249 2057 322 2098 ubi
347 2057 580 2112 digressum
607 2056 775 2099 Siculae
798 2064 839 2099 te
864 2058 1094 2099 admoverit
1117 2072 1213 2100 orae

162 2126 311 2161 ventus
337 2126 377 2160 et
402 2120 568 2174 angusti
592 2126 802 2161 rarescent
826 2120 1005 2161 claustra
1028 2120 1184 2170 Pelori,

162 2182 282 2222 laeva
307 2181 381 2222 tibi
405 2182 527 2223 tellus
553 2188 594 2223 et
616 2182 742 2237 longo
767 2182 889 2223 laeva
912 2188 1106 2237 petantur

165 2258 345 2297 aequora
370 2244 543 2285 circuitu
552 2260 562 2293 3
589 2244 778 2285 dextrum
805 2245 906 2300 fuge
930 2245 1027 2285 litus
1052 2251 1093 2285 et
1116 2244 1263 2286 undas.

164 2306 267 2347 haec
291 2306 383 2347 loca
407 2306 448 2346 vi
473 2306 684 2360 quondam
709 2313 749 2348 et
773 2313 890 2348 vasta
914 2307 1110 2348 convolsa
1133 2307 1254 2348 ruina

164 2371 343 2421 (tantum
369 2368 461 2410 aevi
485 2369 714 2423 longinqua
739 2369 849 2410 valet
872 2375 1031 2410 mutare
1057 2369 1256 2419 vetustas)

165 2431 393 2472 dissiluisse
419 2431 571 2479 ferunt,
598 2446 692 2472 cum
717 2431 905 2486 protinus
930 2438 1106 2485 utraque
1131 2431 1252 2472 tellus

165 2509 249 2535 una
273 2493 397 2542 foret3
424 2494 537 2535 venit
560 2494 697 2534 medio
722 2494 762 2534 vi
787 2500 938 2548 pontus
964 2500 1005 2535 et
1028 2493 1150 2534 undis

164 2555 419 2610 Hesperium
445 2555 587 2597 Siculo
612 2557 720 2597 latus
745 2556 921 2597 abscidit
945 2571 1127 2609 arvaque
1153 2562 1194 2597 et
1216 2556 1341 2598 urbes

164 2617 283 2661 litore
309 2617 498 2659 diductas
523 2625 702 2674 angusto
727 2618 911 2660 interluit
935 2625 1064 2662 aestu.

1616 963 1622 1001 »4.
1612 926 1622 943 Λ
1616 891 1622 906 -
1612 801 1622 878 ,Α’-ρ

1615 1012 1622 1174 ...a-...nh-

1610 1346 1622 1707 Qun—0·
