1654 2837
0 2569 27 2837 mvsa-2⁴

591 179 823 209 ADNO'rA'rIo
841 176 1012 208 ORITIGA.

1436 169 1522 203 XXI

80 267 193 304 opera
208 256 378 292 effectum
399 255 445 290 iri
464 265 661 301 speremus,
683 257 725 289 ut
741 254 786 289 de
811 253 992 287 iudicetur
1020 254 1057 286 et
1083 249 1330 297 intellegatur,
1359 261 1431 285 non
1452 250 1523 285 hac

81 302 239 338 consiliis
274 305 311 337 et
347 304 425 336 arte
457 300 614 347 Vergilii
651 299 786 335 rectius
811 309 884 333 una
900 309 939 332 re
957 297 1033 332 eius
1050 297 1197 332 laudem
1213 296 1400 340 contineri,
1424 297 1522 341 quod.

813 343 987 395 quicquid
1030 343 1078 377 ad
1118 353 1263 377 carmen
1306 342 1523 387 explendum

81 393 198 426 ‘Vergil
214 394 277 419 und
295 393 344 419 die
363 393 481 425 episehe
498 392 615 418 Kunst.'
641 399 717 424 quae
740 399 787 417 ex·
812 400 893 423 usui
904 399 983 422 esse
996 391 1118 433 posset
1127 398 1276 432 operose
1288 387 1522 433 congesserit,

79 429 174 454 tremo
188 428 249 453 eius
261 427 332 453 libri
345 429 441 459 capite
451 428 487 452 de
497 428 580 459 epica
586 427 711 458 Vergilii
725 428 787 452 arte

80 464 161 488 recte
183 462 368 487 aestimanda
385 463 518 493 exposita
542 462 610 486 sunt
634 461 707 485 mihi
726 460 787 492 qui-

80 495 148 522 dem
164 496 325 522 maximam
343 497 457 528 partem
470 495 625 527 probanda
637 495 786 520 videntur.

814 437 988 479 congesta
1003 433 1194 468 verborum
1211 436 1248 467 et
1267 444 1434 468 versuum
1451 432 1522 468 ele-

813 480 942 526 gantia
958 478 1192 514 decoraverit.

422 684 841 730 ADNOTATIO
881 684 1181 728 CRITICA.

124 777 283 824 Vergilii
305 778 466 812 carmina
490 778 658 812 videntur
685 776 789 811 nobis
814 775 931 820 plaria
966 774 1183 820 perscrutati
1211 776 1294 808 sunt
1322 773 1354 808 si
1384 773 1524 819 priores

79 823 278 869 integriora
291 827 432 857 servata
446 835 523 858 esse
535 834 643 868 quam
654 826 787 857 cetero-

79 880 158 903 rum
167 873 356 913 poetarum
365 869 423 903 vel
436 869 651 914 scriptorum
658 867 787 902 latino-

79 925 160 948 rum
176 913 270 948 libri.
301 925 385 948 nam
406 915 515 959 paulo
534 918 616 959 post
637 916 788 947 mortem

80 962 210 1005 poetae
228 959 325 993 docti
347 959 510 993 homines
534 960 579 993 de
600 959 673 992 illis
695 969 788 992 com-

79 1004 235 1038 mentari
247 1008 455 1049 coeperunt,
464 1005 559 1038 inter
573 1015 661 1049 quos
671 1003 787 1049 Hygi-

81 1061 167 1084 num
176 1049 315 1084 Gellius
329 1050 359 1090 (Ι
375 1050 471 1092 21,3)
486 1052 546 1084 ‘ex
560 1051 665 1084 domo
679 1053 788 1092 atque

82 1106 126 1130 ex
141 1095 296 1129 familia*
310 1095 464 1139 Vergilii
480 1095 573 1129 libro
589 1107 693 1129 usum
711 1104 788 1128 esse

79 1143 245 1175 testatur.
263 1139 360 1174 idem
369 1141 477 1181 (XIII
490 1141 587 1184 21,4)
601 1140 789 1175 Valerium

80 1185 252 1228 Probum,
266 1197 373 1230 quem
391 1186 551 1220 carmina
567 1185 789 1220 recensuisse

82 1231 225 1275 scimus,
243 1231 426 1276 exemplar
443 1235 568 1265 ‘manu
583 1231 697 1276 ipsius
715 1241 788 1264 cor-

81 1277 233 1311 reetum'
246 1277 443 1320 inspexisse
457 1276 636 1320 adfirmat,
649 1275 789 1310 Plinius

82 1325 128 1366 (n.
146 1322 181 1355 h.
197 1321 292 1355 XIII
314 1322 371 1367 83)
395 1322 630 1368 Vergilianae
664 1333 790 1355 manus

81 1367 302 1402 monimenta
325 1378 362 1401 se
386 1378 644 1412 saepenumero
667 1367 789 1401 videre

83 1416 218 1456 narrat,
237 1412 480 1453 Quintilianus
499 1413 528 1455 (I
547 1414 577 1455 7,
595 1413 652 1456 20)
671 1414 788 1446 ‘caus-

83 1458 163 1493 sae’
192 1461 228 1492 et
257 1458 412 1491 ‘cassus'
440 1458 646 1503 Vergilium
678 1458 788 1502 scrip-

83 1504 172 1538 sisse
196 1502 309 1548 ipsius
332 1514 476 1538 manum
505 1505 633 1538 docere
658 1503 787 1548 prodit.

84 1549 194 1584 etiam
221 1549 336 1583 altero
357 1553 440 1593 post
463 1548 643 1583 Christum
665 1553 789 1583 natum

84 1594 229 1629 saeculo
247 1595 475 1639 autographa
492 1594 648 1639 Vergilii
669 1598 788 1628 extare

84 1639 360 1683 credebanturl,
384 1644 425 1674 ut
447 1651 492 1674 ne
515 1640 621 1674 tertio
644 1640 789 1684 quidem

84 1685 171 1720 satis
184 1685 344 1730 integros
357 1685 480 1729 libros,
495 1686 625 1730 quibus
640 1685 790 1719 conlatis

83 1730 312 1765 librariorum
329 1741 466 1765 errores
482 1731 704 1775 tollerentur,
729 1731 788 1764 de-

83 1776 196 1810 fuisse
213 1775 382 1819 conicias,
401 1780 437 1810 et
455 1787 497 1810 ex
514 1776 711 1819 codicibus,
730 1776 789 1821 qui

84 1821 192 1856 hodie
215 1824 419 1866 supersunt,
441 1821 507 1864 illi,
532 1822 593 1866 qui
612 1825 738 1866 quarto
756 1825 790 1855 et

85 1867 211 1912 quinto
227 1878 263 1911 p.
282 1865 363 1900 Chr.
383 1867 526 1901 saeculo
549 1867 673 1912 scripti
697 1871 789 1910 sunt,

85 1925 108 1948 a
129 1915 258 1957 poetae
285 1922 395 1945 manu
423 1913 520 1946 haud
545 1913 652 1958 longe
676 1913 788 1946 disce-

86 1959 172 1992 dere
187 1957 389 1991 videantur.
416 1957 558 1991 accedit
575 1959 685 2002 quod,
711 1969 789 1992 cum

86 2001 242 2047 Vergilii
259 2002 419 2036 carmina
441 2003 634 2046 plurimum
651 2003 789 2038 lectita-

83 2051 206 2083 rentur
230 2051 267 2083 et
287 2049 472 2094 plerisque
493 2048 639 2094 cognita
662 2051 792 2091 essent,

87 2093 278 2138 scriptores
302 2093 511 2138 saepissime
535 2104 658 2127 versus
676 2104 718 2127 ex
741 2093 793 2127 eis

89 2137 316 2184 depromptos
329 2139 566 2184 protulerunt,
582 2139 712 2183 quibus
727 2149 792 2172 sua

87 2183 146 2216 vel
157 2182 340 2218 firmarent
352 2184 407 2217 vel
421 2184 663 2218 inlustrarent.
683 2183 792 2218 etiam

89 2227 219 2262 artium
269 2229 461 2273 scriptores
516 2232 791 2273 praeceptorum

90 2273 253 2317 exempla
269 2285 288 2309 e
304 2274 460 2318 Vergilii
483 2274 585 2307 libris
607 2274 644 2308 in
662 2274 793 2308 scholis

89 2317 240 2351 multum
255 2320 418 2353 tractatis
436 2319 589 2353 maxime
606 2320 789 2364 petebant.

90 2363 358 2398 concedendum
374 2368 495 2398 tamen
519 2368 584 2408 est,
608 2366 698 2398 haec
722 2369 792 2398 stu-

91 2407 163 2451 dia,
172 2410 212 2441 ut
224 2412 388 2443 accurate
403 2414 439 2443 et
450 2410 649 2454 prudenter
661 2410 793 2444 exerci-

90 2455 168 2486 tata
206 2452 406 2497 integritati
450 2455 648 2489 carminum
691 2455 794 2489 utilia

89 2497 240 2541 fuerint,
280 2498 332 2532 ita
362 2499 599 2544 neglegenter
629 2501 794 2534 instituta

89 2543 188 2576 haud
204 2543 384 2576 mediocre
402 2544 453 2578 eis
470 2545 724 2579 detrimentum
741 2545 793 2578 in-

90 2587 184 2622 ferre
194 2587 365 2632 potuisse.
377 2599 460 2622 nam
469 2589 530 2634 qui
542 2590 654 2634 ipsius
664 2595 794 2635 poetae

90 2644 200 2666 manu
215 2633 273 2666 vel
289 2633 424 2678 scripta
435 2636 492 2668 vel
505 2640 665 2670 correcta
679 2646 794 2669 exem-

86 2729 90 2733 *
125 2713 140 2743 L
159 2712 195 2741 cf·
205 2712 319 2739 Gellius
331 2713 372 2740 IX
385 2715 425 2747 14,
440 2715 467 2747 ’ῖς
486 2715 515 2740 II
527 2716 551 2747 3,
565 2715 594 2747 5;
614 2715 685 2742 xm
696 2716 736 2747 21,
753 2716 794 2741 10.

815 831 958 865 quoque
976 821 1173 865 scripturas
1190 820 1274 853 inde
1288 822 1526 854 enotaverunt

816 887 857 892 —
877 867 916 900 id
939 867 1035 910 quod
1058 866 1196 899 factum
1220 876 1297 899 esse
1319 865 1526 899 Danielinis

816 915 852 946 et
872 911 1100 956 Philargyrii
1123 911 1269 945 scholiis
1292 909 1526 944 confirmatur

815 978 869 1000 —,
908 956 1120 1001 posterioris
1158 956 1289 990 aetatis
1320 956 1526 990 hominibus

816 1002 1061 1036 dubitationes
1083 1005 1283 1045 moverunt,
1302 1001 1433 1045 quibus
1449 1012 1522 1036 me-

816 1048 950 1081 moriae
968 1047 1058 1081 fides
1082 1050 1202 1091 potest
1224 1047 1414 1080 imminuta
1433 1057 1524 1081 esse.

816 1093 1008 1138 scriptores
1021 1096 1154 1136 autem,
1164 1092 1226 1136 qui
1233 1092 1389 1137 Vergilii
1402 1103 1526 1126 versus

817 1138 972 1183 exempli
1011 1149 1122 1172 causa
1159 1138 1415 1181 laudaverunt,
1454 1148 1526 1171 non

817 1195 959 1229 semper
991 1183 1212 1227 exemplaria
1243 1186 1327 1217 ante
1359 1183 1525 1228 inspexe-

816 1234 908 1273 rant,
927 1232 968 1263 ut
984 1229 1157 1263 memoria
1175 1229 1320 1273 decepti
1336 1239 1408 1262 non
1423 1240 1525 1262 num-

817 1285 924 1319 quam
968 1275 1088 1309 aliena
1135 1278 1266 1318 poetae
1315 1274 1525 1321 tribuerint:

817 1320 913 1364 quod
932 1331 1011 1354 cum
1028 1319 1066 1353 in
1084 1319 1245 1354 Senecae
1262 1322 1297 1354 et
1311 1319 1526 1360 Quintiliani

817 1368 974 1399 aetatem
998 1365 1140 1407 eadat2‚
1169 1369 1246 1398 tum
1272 1366 1384 1398 multo
1407 1364 1525 1410 magis

817 1411 861 1444 ad
872 1410 992 1454 quarti
1007 1414 1042 1444 et
1056 1409 1171 1454 quinti
1185 1411 1318 1444 saeculi
1333 1410 1526 1456 magistros

818 1457 988 1500 pertinet,
1019 1467 1037 1490 e
1063 1455 1193 1500 quibus
1216 1455 1336 1500 ipsum
1361 1456 1526 1490 Servium

816 1502 852 1535 in
882 1513 925 1535 ea
953 1513 991 1535 re
1020 1501 1379 1546 neglegentissimum
1413 1500 1525 1535 fuisse

817 1548 989 1581 constat-3.
1024 1547 1181 1590 denique
1203 1546 1299 1580 inter
1320 1547 1445 1580 doctos
1468 1559 1524 1580 su-

817 1592 968 1637 perioris
992 1593 1122 1625 aetatis
1140 1592 1396 1637 grammaticos
1413 1591 1525 1626 fuisse

816 1638 994 1681 videntur,
1009 1638 1082 1682 qui,
1099 1649 1180 1671 cum
1192 1637 1349 1671 Aeneidi
1366 1641 1526 1672 extrema

818 1695 943 1717 manus
966 1694 1037 1716 non
1059 1684 1288 1726 accessisset,
1318 1683 1388 1727 ipsi
1411 1687 1523 1728 temp-

816 1732 934 1763 tantes
956 1728 1053 1772 quod
1078 1732 1207 1773 poetae
1235 1739 1305 1762 non
1335 1732 1413 1762 erat
1443 1740 1524 1762 con-

818 1786 968 1816 cessum,
990 1785 1083 1819 quae
1100 1774 1217 1807 minus
1234 1778 1320 1818 apta
1339 1785 1416 1808 esse
1433 1773 1524 1808 iudi-

817 1823 952 1861 carent,
977 1820 1199 1865 corrigerent.
1216 1823 1252 1853 et
1268 1820 1417 1853 lacunas
1434 1829 1525 1863 quas

819 1865 1002 1911 Vergilius
1040 1870 1103 1899 aut
1140 1865 1337 1909 reliquerat
1376 1869 1439 1898 aut
1470 1876 1524 1898 re-

818 1912 966 1954 liquisse
998 1910 1208 1953 videbatur,
1243 1911 1439 1954 explerent.
1480 1921 1525 1944 ne

816 1957 906 1990 illud
935 1956 1080 2001 quidem
1112 1956 1359 2000 inprobabile,
1392 1956 1524 2001 magis-

816 2006 906 2044 tros,
931 2002 993 2046 qui
1015 2002 1052 2035 in
1075 2001 1207 2035 scholis
1230 2001 1389 2035 carmina
1417 2002 1525 2034 inter-

819 2050 1057 2091 pretarentur,
1068 2047 1097 2080 si
1109 2047 1197 2091 quid
1213 2058 1283 2079 non
1299 2046 1406 2080 facilc
1421 2047 1525 2080 intel-

818 2094 1017 2138 legeretur,
1040 2092 1158 2126 minus
1173 2091 1351 2136 impedita
1375 2096 1409 2126 et
1432 2103 1525 2136 quae

819 2139 865 2172 ad
902 2138 1090 2182 vulgarem
1134 2138 1332 2171 orationem
1377 2137 1526 2181 propius

819 2183 1036 2217 accederent
1068 2182 1306 2216 substituisse.
1349 2183 1526 2216 similibus

820 2229 927 2263 etiam
940 2228 1027 2262 loeis
1042 2227 1233 2272 adscriptis
1247 2228 1405 2273 genuina
1414 2228 1525 2272 scrip-

819 2278 900 2308 tura
936 2284 1007 2307 non
1043 2284 1239 2317 numquam
1272 2273 1421 2317 expulsa
1460 2277 1524 2307 est.

820 2319 975 2364 denique
999 2319 1164 2363 quamvis
1186 2318 1382 2363 diligenter
1398 2319 1526 2352 carmi-

820 2377 905 2399 num
923 2364 1143 2409 exemplaria
1160 2364 1245 2398 olim
1264 2368 1426 2398 correcta
1443 2364 1525 2406 sint,

820 2414 958 2445 tantam
985 2414 1107 2444 tamen
1129 2410 1241 2443 fuisse
1264 2409 1396 2443 scimus
1418 2409 1526 2443 libra-

820 2456 952 2490 riorum
975 2455 1159 2497 inertiam,
1182 2458 1222 2488 ut
1243 2455 1301 2489 vel
1324 2454 1526 2488 sollertissi-

821 2514 917 2536 mum
932 2505 1169 2535 correctorem
1182 2511 1274 2533 unus
1289 2503 1324 2534 et
1336 2500 1422 2533 item
1436 2501 1528 2534 alter

823 2558 943 2581 eorum
961 2557 1059 2581 error
1075 2545 1183 2580 facile
1206 2546 1365 2590 potuerit
1387 2545 1525 2589 fugere.

824 2593 876 2627 his
894 2593 1002 2627 rebus
1019 2591 1188 2626 effectum
1206 2595 1261 2625 est
1277 2594 1317 2624 ut
1333 2601 1403 2624 non
1420 2590 1526 2624 nullis

855 2686 870 2710 2
891 2685 926 2709 cf.
940 2684 1076 2710 Ribbeck
1089 2684 1162 2715 prol.
1177 2691 1203 2715 p.
1216 2685 1266 2708 ‘200
1280 2690 1341 2714 sqq.

857 2720 872 2745 3
892 2720 926 2745 cf.
941 2719 1084 2754 praefatio
1098 2725 1165 2743 mea
1177 2725 1204 2754 p.
1218 2717 1307 2744 XXX.
