1628 2847
144 477 208 508 300

141 789 204 819 305

139 1105 203 1136 310

137 1420 200 1449 315

137 1733 201 1764 320

136 2046 198 2077 325

135 2358 200 2389 330

237 102 320 165 374
838 114 980 152 onus.

236 222 289 265 te,
315 215 570 266 Britomarti,
596 217 706 259 diem
731 217 848 273 potui
872 219 1102 273 producere
1128 222 1263 264 vitae?

234 285 358 332 atque
383 280 542 321 utinam
568 280 690 321 celeri
716 295 767 322 ne
793 287 954 322 tantum
979 290 1099 336 grata
1123 283 1289 328 Dianae

234 349 408 383 venatus
434 357 544 383 esses
571 341 688 397 virgo
714 349 870 384 sectata
895 344 1091 394 virorum,

235 402 397 445 Gnosia
422 418 497 445 nec
520 403 679 445 Partho
705 405 960 447 contendens
986 407 1146 461 spicula
1170 423 1299 451 cornu

232 466 431 507 Dictaeas
457 482 602 521 ageres
628 467 681 507 ad
704 468 895 521 gramina
918 475 1018 510 nota
1042 471 1240 524 capellas:

232 543 460 582 numquam
492 536 575 570 tam
602 529 753 571 obnixe
779 530 944 585 fugiens
970 531 1126 574 Minois
1151 548 1312 577 amores

230 606 430 647 praeceps
457 592 556 633 aerii
581 592 752 646 specula
776 592 826 633 de
851 593 1003 634 montis
1028 594 1158 645 iisses,

232 654 342 695 unde
368 654 436 694 alii
461 654 619 708 fugisse
644 654 784 695 ferunt
809 662 849 696 et
873 670 1026 697 numen
1052 657 1256 711 Aphaeae

231 716 404 771 virginis
431 716 672 771 adsignant3
698 717 781 765 alii,
807 731 890 771 quo
914 719 1051 759 notior
1075 734 1201 769 esseS,

230 778 488 833 Dictynnam
513 779 654 821 dixere
679 786 751 820 tuo
777 779 828 821 de
853 780 1020 823 nomine
1044 781 1200 823 lunam.

229 842 311 883 sint
336 842 438 882 haec
463 857 562 883 vera
585 842 729 892 velim;
755 843 855 883 mihi
881 851 1004 893 certe,
1031 852 1141 894 nata,
1166 844 1320 900 peristi.

229 919 457 958 numquam
482 919 560 960 ego
585 912 624 946 te
649 920 811 946 summo
837 907 1078 949 volitantem
1102 908 1144 949 in
1170 909 1323 951 vertice
1348 907 1498 951 montis

229 968 451 1022 Hyrcanos
476 967 583 1008 inter
608 968 779 1009 comites
805 983 1039 1023 agmenque
1065 970 1246 1011 ferarum

229 1031 495 1085 conspiciam,
520 1045 597 1072 nec
623 1037 662 1072 te
686 1031 931 1074 redeuntem
956 1034 1150 1088 amplexa
1174 1034 1339 1076 tenebo.

227 1108 373 1134 verum
399 1093 501 1134 haec
525 1100 613 1134 tum
638 1108 722 1134 non
746 1093 805 1135 sic
829 1094 975 1150 gravia
999 1102 1124 1149 atque
1149 1096 1323 1152 indigna
1348 1097 1478 1146 fuere,

228 1163 330 1204 tum,
356 1171 449 1197 mea
473 1156 654 1205 alumna,
681 1156 740 1197 tui
766 1171 860 1198 cum
886 1172 980 1212 spes
1004 1157 1168 1213 integra
1192 1166 1379 1202 maneret

228 1225 269 1260 et
293 1233 374 1259 vox
398 1218 477 1259 ista
502 1233 615 1259 meas
641 1218 826 1259 nondum
851 1220 1079 1261 violaverat
1104 1236 1238 1264 aures.

228 1289 322 1323 tene
348 1280 471 1322 etiam
495 1280 684 1322 Fortuna
708 1281 809 1322 mihi
834 1282 1013 1324 crudelis
1040 1283 1207 1334 ademit,

227 1351 335 1393 tene,
362 1358 385 1384 o
411 1343 500 1384 sola
524 1358 642 1385 meae
666 1343 835 1385 vivendi
860 1359 986 1386 causa
1011 1347 1229 1388 senectae?

227 1421 351 1461 saepe
376 1412 448 1447 tuo
474 1406 586 1448 dulci
610 1406 866 1461 nequiquam
891 1414 1014 1462 capta
1038 1423 1199 1464 sopore,

226 1484 321 1511 cum
346 1476 553 1524 premeret
577 1475 739 1519 natura,
765 1469 869 1510 mori
894 1485 961 1511 me
986 1471 1093 1512 velle
1117 1471 1282 1526 negavi,

224 1539 271 1574 ut
294 1532 370 1573 tibi
396 1530 576 1586 Corycio
601 1532 875 1587 glomerarem
900 1533 1093 1575 flammea
1116 1534 1216 1575 luto.

226 1609 310 1650 quo
333 1609 446 1636 nunc
469 1610 549 1644 me,
574 1594 731 1643 infelix,
757 1602 827 1636 aut
853 1610 960 1649 quae
984 1611 1052 1638 me
1076 1596 1162 1638 fata
1186 1597 1424 1639 reservant?

226 1673 280 1699 an
304 1657 452 1707 nescis,
476 1671 560 1711 qua
582 1658 676 1713 lege
701 1657 829 1712 patris
856 1658 907 1699 de
932 1659 1086 1700 vertice
1112 1674 1275 1701 summo

226 1721 337 1763 edita
361 1720 584 1762 candentes
609 1728 824 1775 praetexat
849 1736 1035 1776 purpura
1059 1736 1198 1771 canos,

226 1797 334 1838 quae
358 1782 493 1824 tenuis
519 1783 652 1838 patrio
678 1798 773 1838 spes
798 1783 850 1824 sit
874 1799 1075 1838 suspensa
1100 1785 1275 1840 capillo?

225 1846 260 1887 si
284 1846 432 1894 nescis,
458 1845 642 1899 aliquam
667 1860 836 1900 possum
862 1861 1028 1901 sperare
1055 1847 1244 1896 salutem,

224 1908 357 1951 inscia
380 1908 720 1962 quandoquidem
747 1909 881 1950 scelus
909 1924 951 1950 es
978 1917 1127 1951 conata
1150 1909 1398 1952 nefandum:

226 1971 289 2012 sin
314 1977 389 2020 est,
414 1970 526 2024 quod
550 1977 704 2020 metuo,
731 1986 804 2026 per
829 1979 882 2020 te,
909 1987 1001 2013 mea
1025 1972 1207 2021 alumna,
1233 1979 1434 2027 tuumque

225 2040 442 2089 expertum
467 2033 607 2074 multis
632 2033 806 2075 miserae
831 2033 932 2075 mihi
957 2034 1082 2075 rebus
1107 2049 1305 2084 amorem,

225 2112 300 2152 per
323 2103 363 2138 te
389 2111 506 2138 sacra
529 2110 676 2150 precor
700 2112 774 2151 per
797 2097 1038 2151 luminaque
1064 2097 1271 2151 Ilithyiae,

223 2174 278 2201 ne
301 2165 463 2200 tantum
486 2158 529 2199 in
555 2158 717 2199 facinus
742 2165 827 2200 tam
851 2159 966 2200 nulla
989 2166 1127 2201 mente
1152 2160 1310 2201 feraris.

224 2237 308 2263 non
333 2236 410 2276 ego
436 2228 475 2263 te
501 2221 664 2276 incepto
691 2221 795 2274 (fieri
821 2221 933 2276 quod
957 2237 1040 2263 non
1065 2224 1178 2277 pote)
1205 2237 1331 2264 eonor

223 2285 388 2326 flectere
415 2299 554 2325 amore
579 2298 714 2338 neque
740 2292 803 2326 est
827 2299 922 2325 cum
948 2284 1009 2326 dis
1035 2285 1286 2327 contendere
1310 2291 1517 2335 nostrum3

226 2347 299 2389 sed
324 2347 452 2402 patris
477 2346 676 2388 incolumi
701 2347 837 2402 potius
864 2347 1074 2389 denubere
1100 2362 1230 2402 regno

224 2416 350 2464 atque
375 2410 534 2463 aliquos
561 2416 700 2450 tamen
725 2425 814 2451 esse
841 2410 942 2451 velis
967 2409 1054 2459 tibi,
1082 2411 1263 2459 alumna,
1289 2417 1473 2465 penateS.

225 2473 305 2514 hoc
329 2488 459 2513 unum
485 2472 607 2513 exilio
634 2471 755 2513 docta
780 2479 903 2526 atque
929 2479 1099 2527 experta
1123 2472 1315 2514 monebo.

226 2534 339 2588 quod
363 2534 397 2576 si
421 2550 505 2576 non
530 2534 610 2575 alia
634 2534 788 2589 poteris
813 2535 972 2576 ratione
996 2542 1211 2589 parentem

226 2598 391 2640 flectere
417 2597 505 2649 (sed
531 2597 703 2652 poteris3
729 2597 831 2651 quid
855 2597 964 2639 enim
989 2612 1072 2638 non
1098 2597 1221 2638 unica
1245 2596 1433 2653 possis?),
