1622 2847
591 108 844 146 AENEIDOS
868 109 964 144 LIB.
988 109 1037 144 H.
1413 98 1492 141 111.

145 211 260 263 ‘heu,
285 227 392 268 quae
416 227 527 255 nuno
552 213 692 254 tellus'
718 213 865 266 inquit,
891 217 1017 266 ‘quae
1036 227 1102 254 me
1122 227 1304 266 aequora
1321 218 1497 268 possunt

145 276 357 330 accipere?
381 282 453 316 aut
477 275 578 328 quid
601 275 684 316 iam
709 276 859 316 misero
884 274 985 315 mihi
1011 275 1189 328 denique
1214 276 1366 316 restat?
1520 283 1562 313 70

145 338 213 378 cui
236 352 371 391 neque
396 337 509 392 apud
534 337 706 377 Danaos
732 351 910 390 usquam
933 337 1063 386 locus,
1089 344 1131 378 et
1154 352 1278 391 super
1302 337 1383 391 ipsi

143 398 413 440 Dardanidae
438 398 588 440 infensi
613 413 768 453 poenas
794 414 888 440 cum
915 399 1117 453 sanguine
1142 399 1347 454 poscunt.'

145 475 227 514 quo
251 461 409 516 gemitu
435 461 622 502 conversi
648 461 787 510 animi,
816 475 1077 515 compressus
1103 467 1144 502 et
1167 461 1300 501 omnis

143 523 335 577 impetus.
385 522 600 563 hortamur
624 522 716 571 fari,
743 537 825 576 quo
851 523 1054 577 sanguine
1081 529 1230 571 cretus,

144 585 296 638 quidve
321 584 446 633 ferat3
472 592 686 633 memoret,
712 599 819 638 quae
844 584 895 624 sit
918 584 1071 625 fiducia
1096 591 1230 639 capto.
1520 594 1560 624 75

144 645 232 702 [ille
258 647 373 696 haec,
399 647 587 702 deposita
611 647 780 688 tandem
804 646 1039 695 formidine,
1065 645 1209 701 fatur.]

200 706 386 750 ‘Cuncta
411 709 604 763 equidem
630 708 718 758 tibi,
744 724 830 757 rex,
855 708 981 750 fuerit
1000 709 1307 762 quodcumque,
1334 708 1496 750 fatebor

142 770 259 812 vera'
285 771 437 825 inquit:
465 776 619 824 ‘neque
643 786 710 812 me
735 771 938 825 Argolica
963 771 1013 812 de
1039 777 1163 826 gente
1187 771 1352 825 negabo

143 833 238 884 (hoc
261 833 473 888 primum),
499 848 576 875 nec
602 833 635 874 si
660 833 857 874 miserum
882 833 1070 874 Fortuna
1097 833 1297 875 Sinonem

141 895 272 944 finxit,
297 911 453 936 vanum
477 896 602 936 etiam
628 895 956 948 mendacemque
982 896 1158 950 inproba
1182 896 1324 950 finget.
1519 905 1562 936 80

141 957 267 999 fando
293 957 460 1011 aliquod
485 958 519 999 si
544 958 649 998 forte
675 965 767 998 tuas
792 957 981 1012 pervenit
1006 958 1059 998 ad
1083 957 1193 998 auris

141 1019 314 1061 Belidae
339 1035 489 1061 nomen
514 1020 754 1061 Palamedis
781 1027 821 1061 et
844 1020 1002 1060 incluta
1027 1019 1140 1060 fama

140 1082 285 1136 gloria,
311 1096 435 1135 quem
460 1082 565 1122 falsa
591 1082 668 1122 sub
694 1082 925 1136 proditione
950 1082 1120 1136 Pelasgi

140 1145 346 1185 insontem
370 1144 542 1184 infando
567 1144 733 1192 indicio,
760 1144 858 1197 quia
883 1144 992 1185 bella
1017 1144 1199 1192 vetabat,

142 1206 342 1247 demisere
358 1207 478 1256 Neci,
497 1221 607 1247 nunc
632 1221 795 1246 cassum
819 1206 975 1247 lumine
1000 1207 1164 1260 lugent:
1518 1217 1560 1249 85

140 1268 199 1309 illi
222 1284 288 1310 me
314 1268 504 1309 comitem
531 1276 571 1310 et
595 1268 955 1323 consanguinitate
979 1269 1262 1323 propinquum

140 1346 299 1386 pauper
323 1331 365 1372 in
390 1346 505 1372 arma
529 1338 645 1386 pater
670 1331 813 1385 primis
838 1330 920 1372 huc
945 1331 1058 1371 misit
1082 1331 1134 1371 ab
1161 1331 1292 1373 annis.

141 1394 241 1434 dum
266 1393 404 1434 stabat
426 1408 556 1449 regno
581 1393 798 1434 incolumis
823 1408 1055 1448 regumque
1079 1394 1251 1448 vigebat

142 1456 342 1505 conciliis,
369 1462 410 1497 et
432 1471 508 1497 nos
533 1456 701 1510 aliquod
725 1470 962 1509 nomenque
988 1456 1199 1510 decusque

139 1519 356 1574 gessimus.
404 1518 560 1560 invidia
583 1526 804 1573 postquam
829 1518 998 1573 pellacis
1024 1518 1142 1559 Ulixi
1518 1528 1560 1559 90

140 1581 270 1634 (haud
294 1581 436 1636 ignota
460 1582 623 1634 loquor)
650 1581 808 1635 superis
835 1580 1039 1622 concessit
1064 1581 1116 1621 ab
1142 1581 1237 1630 oris,

140 1644 330 1685 adflictus
355 1644 482 1684 vitam
507 1643 549 1683 in
575 1643 755 1684 tenebris
780 1643 979 1696 luctuque
1004 1643 1220 1684 trahebam

141 1712 183 1747 et
206 1721 348 1747 casum
372 1706 543 1746 insontis
570 1720 732 1746 mecum
758 1705 1009 1760 indignabar
1035 1705 1168 1746 amici.

139 1783 216 1809 nec
241 1768 352 1809 tacui
377 1768 546 1809 demens
572 1775 612 1808 et
638 1783 717 1815 me,
743 1768 826 1808 fors
855 1768 976 1821 siqua
1000 1768 1175 1815 tulisset,

140 1831 174 1872 si
197 1831 352 1885 patrios
377 1844 576 1883 umquam
601 1845 850 1871 remeassem
876 1832 1006 1871 victor
1031 1830 1084 1870 ad
1108 1831 1264 1884 Argos,
1517 1840 1556 1871 95

139 1893 309 1948 promisi
333 1892 511 1934 ultorem
538 1899 578 1933 et
602 1893 737 1933 verbis
764 1893 859 1933 odia
883 1907 1030 1947 aspera
1054 1893 1178 1933 movi.

140 1956 235 1997 hinc
259 1955 360 1995 mihi
385 1955 518 2010 prima
541 1955 639 1995 mali
663 1955 792 2003 labes,
819 1955 914 1996 hinc
939 1969 1102 2009 semper
1126 1954 1276 1997 Ulixes

141 2017 382 2059 criminibus
407 2025 560 2058 terrere
585 2017 716 2065 novis,
743 2017 838 2058 hinc
864 2032 1059 2072 spargere
1085 2032 1208 2058 voces

139 2080 182 2121 in
207 2080 379 2135 vulgum
405 2079 623 2134 ambiguas
649 2086 690 2120 et
714 2094 914 2133 quaerere
939 2079 1128 2120 conscius
1155 2095 1281 2122 arma.

139 2157 217 2183 nec
240 2142 444 2195 requievit
469 2143 591 2189 enim,
618 2141 748 2183 donec
775 2140 1005 2183 Calchante
1031 2142 1218 2183 ministro
1244 2167 1297 2171 —
1516 2153 1580 2183 100

141 2204 214 2246 sed
238 2204 338 2257 quid
363 2218 441 2259 ego
468 2203 570 2245 haec
595 2210 734 2245 autem
758 2204 1013 2257 nequiquam
1038 2204 1201 2259 ingrata
1225 2205 1422 2247 revolvo?

141 2266 293 2320 quidve
319 2267 477 2307 moror?
501 2267 534 2307 si
559 2266 691 2307 omnis
715 2281 798 2306 uno
825 2267 967 2308 ordine
993 2267 1153 2308 habetis
1178 2267 1364 2309 Achivos

140 2329 265 2382 idque
291 2329 433 2370 audire
458 2335 521 2370 sat
545 2335 626 2377 est,
655 2329 899 2370 iamdudum
925 2330 1073 2370 sumite
1098 2345 1272 2385 poenas:

140 2391 218 2431 hoc
244 2391 411 2432 Ithacus
438 2391 536 2432 velit
561 2398 602 2432 et
625 2405 778 2445 magno
804 2398 1038 2433 mercentur
1062 2392 1265 2433 Atridae.'

197 2453 308 2494 Tum
332 2468 429 2494 vero
455 2454 647 2494 ardemus
673 2453 810 2494 scitari
835 2460 876 2495 et
899 2468 1098 2507 quaerere
1124 2468 1284 2504 causas,
1516 2464 1576 2494 105

140 2515 275 2570 ignari
300 2516 502 2557 scelerum
528 2523 736 2557 tantorum
762 2515 943 2569 artisque
968 2516 1188 2571 Pelasgae.

141 2578 403 2633 prosequitur
426 2578 615 2633 pavitans
641 2585 682 2620 et
705 2578 800 2619 ficto
824 2585 990 2634 pectore
1014 2578 1142 2620 fatur:
