1660 2847
157 90 236 133 156
572 100 613 144 Β.
635 101 844 137 VERGILI
869 101 1092 139 MARONIS

119 250 122 252 ,
154 205 310 246 fecerat
333 210 375 246 et
398 205 513 247 tenui
538 205 640 247 telas
666 205 918 247 discreverat
942 221 1055 248 auro.

65 276 128 307 265
155 267 350 308 continuo
374 267 550 308 invadit:
577 271 642 308 ‘tu
666 281 778 308 nunc
802 267 1076 323 Karthaginis
1101 270 1208 311 altae

153 328 427 370 fundamenta
451 330 562 370 locas
589 329 890 384 pulchramque
915 331 1085 371 uxorius
1111 332 1258 374 urbem

154 391 308 432 extruis
333 391 415 432 heu
439 391 558 446 regni
583 405 805 444 rerumque
830 391 955 432 oblite
980 394 1169 434 tuarum?

153 453 242 508 ipse
268 454 393 495 deum
418 454 491 494 tibi
516 468 583 495 me
609 454 719 495 claro
746 454 923 495 demittit
949 453 1133 510 Olympo

154 523 361 570 regnator,
389 516 551 557 caelum
577 522 618 557 et
641 523 770 557 terras
797 516 868 570 qui
891 517 1061 559 numine
1086 525 1263 571 torquet,

63 587 128 618 270
153 577 241 632 ipse
266 577 368 619 haec
394 578 502 619 ferre
526 578 641 619 iubet
666 578 810 620 celeris
835 579 1031 620 mandata
1055 595 1127 635 per
1152 596 1285 622 auras.

154 640 255 693 quid
280 640 428 681 struis?
453 648 526 680 aut
551 654 635 694 qua
660 655 732 695 spe
757 641 931 695 Libycis
957 642 1053 682 teris
1079 642 1162 684 otia
1186 644 1329 685 terris?

153 701 188 742 si
213 709 252 743 te
276 702 391 743 nulla
415 710 554 743 movet
579 709 787 743 tantarum
812 703 945 757 gloria
969 718 1108 745 rerum

154 763 251 819 [nec
276 779 400 819 super
424 764 513 819 ipse
539 772 611 806 tua
634 765 788 805 moliris
814 765 937 806 laude
961 765 1181 821 laborem‚]

153 827 386 867 Ascanium
411 834 650 881 surgentem
677 833 717 868 et
741 841 836 881 spes
862 827 1024 868 heredis
1050 828 1130 868 Iuli

63 900 126 931 275
152 889 325 943 respice,
351 888 417 930 cui
441 904 619 943 regnum
644 888 790 930 Italiae
815 889 1089 943 Romanaque
1115 890 1237 931 tellus

153 951 382 993 debentur!
431 952 502 992 tali
529 950 746 1005 Cyllenius
772 966 841 992 ore
865 952 1029 993 locutus

152 1013 337 1054 mortalis
362 1013 475 1053 visus
500 1013 637 1054 medio
663 1027 851 1054 sermone
875 1013 1042 1066 reliquit

154 1083 194 1118 et
218 1075 363 1131 procul
387 1075 429 1116 in
455 1082 622 1117 tenuem
648 1090 699 1116 ex
724 1075 853 1117 oculis
879 1076 1048 1116 evanuit
1072 1091 1229 1117 auram.

209 1140 270 1179 At
294 1152 391 1179 vero
416 1138 584 1179 Aeneas
611 1145 781 1192 aspectu
806 1138 1014 1179 obmutuit.
1037 1153 1192 1187 amens,

64 1212 129 1243 280
154 1207 420 1253 arrectaeque
445 1199 613 1241 horrore
639 1214 781 1242 comae
807 1207 848 1242 et
871 1214 952 1241 vox
977 1200 1168 1241 faucibus
1194 1200 1337 1242 haesit.

154 1263 271 1304 ardet
296 1262 408 1303 abire
434 1262 536 1316 fuga
562 1262 778 1316 dulcisque
802 1262 1037 1316 relinquere
1061 1269 1203 1311 terras,

154 1325 352 1366 attonitus
378 1332 491 1366 tanto
516 1325 676 1366 monitu
701 1325 958 1380 imperioque
984 1325 1169 1366 deorum.

153 1387 234 1429 heu
259 1388 360 1441 quid
385 1388 506 1441 agat?
530 1401 612 1440 quo
636 1402 748 1429 nunc
772 1388 959 1442 reginam
986 1387 1142 1429 ambire
1167 1387 1374 1429 furentem

154 1450 306 1491 audeat
330 1450 498 1490 adfatu?
522 1464 629 1504 quae
654 1450 788 1505 prima
813 1450 983 1491 exordia
1007 1451 1167 1491 sumat?

65 1524 128 1555 285
157 1512 300 1568 [atque
326 1512 512 1553 animum
537 1527 648 1553 nunc
673 1512 755 1553 huc
781 1513 971 1561 celerem,
997 1527 1108 1553 nunc
1132 1511 1280 1553 dividit
1302 1511 1400 1553 illuc

154 1575 196 1616 in
220 1575 434 1629 partisque
458 1574 567 1629 rapit
590 1575 724 1616 varias
749 1589 906 1629 perque
931 1575 1070 1616 omnia
1094 1572 1262 1629 versat]

155 1637 258 1679 haec
284 1637 503 1678 alternanti
528 1637 663 1692 potior
687 1637 892 1679 sententia
917 1638 1005 1679 visa
1030 1643 1109 1679 est:

154 1700 380 1741 Mnesthea
406 1699 734 1754 Sergestumque
759 1707 882 1741 vocat
905 1700 1139 1753 fortemque
1165 1699 1392 1750 Serestum,

156 1762 331 1804 classem
355 1769 497 1817 aptent
523 1762 636 1803 taciti
661 1763 877 1816 sociosque
902 1763 956 1804 ad
980 1763 1100 1804 litora
1124 1769 1288 1818 cogant,

67 1836 131 1867 290
156 1840 271 1866 arma
294 1832 442 1880 parent
466 1832 518 1873 et,
545 1840 653 1879 quae
677 1825 801 1866 rebus
828 1826 879 1866 sit
904 1840 1030 1867 causa
1054 1825 1271 1875 novandis,

156 1887 434 1936 dissimulent3
461 1902 552 1929 sese
576 1888 747 1937 interea,
772 1888 938 1942 quando
965 1888 1121 1943 optima
1143 1887 1258 1929 Dido

156 1950 313 1991 nesciat
337 1957 378 1991 et
402 1957 538 1991 tantos
562 1950 699 2005 rumpi
723 1964 806 1991 non
831 1958 968 2005 speret
992 1965 1166 1999 amores,

157 2019 454 2067 temptaturum
480 2013 615 2054 aditus
641 2020 682 2054 et
707 2027 813 2067 quae
838 2013 1080 2054 mollissima
1104 2012 1220 2054 fandi

157 2082 356 2129 tempora,
382 2075 474 2128 quis
500 2075 624 2116 rebus
649 2075 794 2116 dexter
818 2075 977 2116 modus.
1025 2075 1139 2116 ocius
1165 2089 1307 2116 omnes

69 2148 132 2179 295
156 2137 330 2192 imperio
354 2137 449 2178 laeti
475 2144 622 2192 parent
645 2152 693 2178 ac
717 2137 831 2178 iussa
855 2138 1075 2178 facessunt.

214 2201 275 2240 At
298 2200 443 2254 regina
468 2200 585 2241 dolos
612 2200 721 2253 (quis
746 2200 889 2241 fallere
914 2200 1041 2254 possit
1067 2199 1316 2250 amantem?)

157 2262 389 2317 praesensit
412 2269 633 2315 motusque
659 2261 823 2317 excepit
846 2263 979 2317 prima
1003 2262 1178 2311 futuros,

159 2325 298 2366 omnia
322 2331 410 2365 tuta
435 2325 597 2366 timens.
647 2325 792 2366 eadem
817 2325 944 2380 impia
967 2325 1100 2365 Fama
1123 2324 1275 2366 furenti

159 2387 306 2428 detulit
331 2387 479 2428 armari
505 2388 679 2428 classem
705 2402 956 2441 cursumque
980 2387 1128 2442 parari.

70 2460 135 2492 300
161 2449 293 2490 saevit
315 2449 435 2504 inops
461 2450 587 2490 animi
613 2456 824 2503 totamque
850 2450 1019 2491 incensa
1043 2464 1116 2504 per
1140 2449 1285 2491 urbem

160 2511 400 2560 bacchatur,
426 2512 560 2566 qualis
586 2513 802 2553 commotis
829 2512 963 2554 excita
988 2512 1113 2553 sacris

161 2573 310 2630 thyias,
335 2574 408 2616 ubi
434 2574 574 2616 audito
600 2575 813 2619 stimulant-
837 2575 1042 2618 trieterica
1066 2573 1234 2616 Baccho
