1628 2847
218 118 302 162 304
633 126 676 162 P.
694 123 906 162 VERGILI
929 122 1153 160 MARONIS

216 246 294 275 nec
317 245 490 273 numero
514 244 591 272 nec
615 229 770 271 honore
795 234 997 277 cremant3
1026 234 1125 269 tunc
1150 226 1333 281 undique
1358 225 1465 268 vasti

218 294 406 336 certatim
431 292 586 334 crebris
612 291 830 333 conlucent
855 290 1023 345 ignibus
1049 290 1151 345 agri.

130 367 194 398 210
218 357 338 397 tertia
361 357 433 396 lux
458 354 640 410 gelidam
665 354 779 395 caclo
805 353 1034 394 dimoverat
1058 352 1268 393 umbram:

219 427 448 459 maerentes
474 418 602 458 altum
628 416 807 458 cinerem
833 422 873 457 et
898 415 1072 456 confusa
1095 415 1273 456 ruebant

219 495 313 522 ossa
337 480 439 521 focis
465 480 688 534 tepidoque
712 478 942 519 onerabant
966 492 1120 532 aggere
1145 485 1290 518 terrac.

220 543 303 583 iam
328 556 425 582 vero
452 541 494 582 in
519 541 652 590 tectis,
677 540 918 596 praedivitis
944 540 1046 580 urbe
1071 539 1226 588 Latini,

218 604 468 661 praecipuus
492 603 633 658 fragor
658 610 699 644 et
722 602 837 656 longi
861 617 956 657 pars
981 601 1161 642 maxima
1184 602 1334 642 luctus.

130 679 193 710 215
219 667 286 708 hic
310 672 462 707 matres
487 665 745 718 miseraeque
771 679 913 713 nurus,
938 663 1006 705 hic
1030 678 1126 705 cara
1150 678 1336 704 sororum

218 735 386 785 pectora
410 735 669 769 maerentum
696 727 895 782 puerique
920 726 1160 781 parentibus
1186 726 1276 766 orbi

220 792 355 833 dirum
381 798 627 832 execrantur
653 791 806 831 bellum
831 789 1048 842 Turnique
1072 789 1345 843 hymenaeos3

219 855 356 909 ipsum
381 853 505 894 armis
530 853 751 907 ipsumque
776 852 921 892 iubent
947 852 1168 892 decernere
1193 851 1315 898 ferro,

220 916 291 971 qui
315 930 490 970 regnum
516 915 661 956 Italiae
687 922 727 956 et
751 914 905 969 primos
932 914 1009 954 sibi
1034 919 1179 967 poscat
1203 912 1392 954 honores.

131 992 195 1022 220
219 980 412 1033 ingravat
435 977 538 1019 haec
564 992 713 1018 saevus
740 976 930 1018 Drances
957 976 1175 1029 solumque
1200 974 1338 1016 vocari

220 1048 406 1089 testatur,
433 1040 566 1081 solum
590 1039 707 1094 posci
731 1039 774 1079 in
799 1038 1026 1080 certamina
1050 1038 1254 1078 Turnum.

220 1105 352 1146 multa
376 1103 498 1144 simul
523 1109 666 1143 contra
689 1101 813 1142 variis
839 1101 1043 1142 sententia
1067 1100 1187 1141 dictis

220 1181 294 1222 pro
319 1166 478 1214 Turno,
505 1171 545 1206 et
568 1179 770 1218 magnum
794 1164 964 1218 reginae
988 1177 1140 1204 nomen
1165 1161 1400 1210 obumbrat,

220 1229 352 1271 multa
376 1228 511 1268 virum
535 1227 689 1268 meritis
716 1233 920 1267 sustentat
944 1225 1057 1266 fama
1081 1224 1273 1279 tropaeis.

132 1304 196 1335 225
278 1292 370 1332 Hos
395 1290 501 1331 inter
525 1296 675 1338 motus,
701 1289 836 1330 medio
862 1289 904 1329 in
929 1288 1131 1342 flagrante
1156 1287 1350 1336 tumultu,

222 1368 318 1397 ecce
344 1367 467 1407 super
491 1352 638 1393 maesti
662 1366 815 1406 magna
840 1350 1059 1391 Diomedis
1085 1350 1138 1390 ab
1163 1349 1267 1390 urbe

220 1414 349 1471 legati
372 1428 570 1469 responsa
594 1412 751 1455 ferunt:
777 1412 880 1453 nihil
905 1411 1097 1452 omnibus
1123 1418 1263 1452 actum

222 1484 431 1519 tantorum
455 1475 639 1531 inpensis
665 1490 850 1530 operum,
876 1474 934 1515 nil
961 1474 1070 1515 dona
1094 1488 1229 1526 neque
1254 1488 1403 1514 aurum

223 1554 300 1582 nec
325 1553 499 1593 magnas
524 1537 703 1579 valuisse
728 1551 886 1592 precQS‚
912 1536 992 1577 alia
1017 1550 1132 1576 arma
1156 1534 1321 1576 Latinis

135 1615 199 1646 230
223 1601 462 1656 quaerenda
487 1606 559 1641 aut
583 1614 728 1654 pacem
754 1599 936 1639 Troiano
963 1597 1015 1638 ab
1040 1613 1138 1652 rege
1164 1596 1401 1653 petendum.

223 1664 362 1706 deficit
386 1663 545 1718 ingenti
568 1662 684 1704 luctu
708 1676 781 1702 rex
806 1661 894 1716 ipse
919 1660 1111 1701 Latinus.

225 1727 396 1769 fatalem
420 1728 598 1767 Aenean
623 1724 842 1765 manifesto
867 1723 1037 1764 numine
1061 1722 1160 1764 ferri

226 1790 422 1832 admonet
445 1788 506 1829 ira
531 1788 655 1828 deum
680 1787 913 1840 tumulique
939 1793 1034 1826 ante
1059 1799 1131 1826 ora
1155 1790 1354 1826 recentes.

227 1867 326 1907 ergo
353 1850 575 1893 concilium
600 1864 801 1904 magnum
826 1848 1066 1903 primosque
1091 1861 1261 1888 suorum

138 1928 201 1959 235
226 1914 400 1969 imperio
426 1913 578 1954 accitos
604 1912 686 1952 alta
710 1912 818 1952 intra
841 1910 984 1951 limina
1009 1909 1133 1964 cogit.

227 1978 297 2019 olli
322 1990 552 2018 convenere
577 1975 794 2027 fluuntque
820 1973 872 2014 ad
897 1973 1014 2027 regia
1038 1971 1171 2026 plenis

228 2047 337 2082 tecta
361 2039 451 2080 viis.
501 2037 616 2079 sedet
639 2037 681 2077 in
706 2036 853 2077 mediis
879 2042 918 2076 ct
944 2035 1147 2076 maximus
1173 2048 1276 2075 aevo

231 2110 271 2144 et
295 2102 456 2157 primus
483 2099 657 2154 sceptris
683 2098 796 2139 haud
819 2098 927 2139 laeta
951 2097 1086 2138 fronte
1111 2096 1303 2137 Latinus.

230 2172 354 2217 atque
379 2163 446 2204 hic
470 2163 629 2217 legatos
658 2161 810 2202 Aetola
835 2175 886 2201 ex
910 2159 1013 2200 urbe
1038 2159 1244 2207 remissos,

141 2240 205 2270 240
231 2242 338 2281 quae
363 2225 557 2273 referant,
582 2223 662 2265 fari
686 2223 800 2264 iubet
827 2229 868 2264 et
892 2236 1090 2276 responsa
1114 2219 1293 2275 reposcit

231 2289 374 2331 ordine
399 2295 549 2329 cuncta
573 2301 661 2328 suo.
710 2292 799 2326 tum
823 2285 933 2326 facta
958 2284 1120 2326 silentia
1143 2282 1317 2338 linguis,

233 2359 274 2394 et
297 2350 487 2394 Venulus
513 2349 622 2390 dicto
648 2363 797 2404 parens
822 2347 879 2388 ita
903 2346 1027 2388 farier
1051 2345 1158 2387 infit:

291 2413 516 2461 ‘Vidimus‚
543 2426 566 2452 o
593 2411 716 2458 cives,
742 2410 992 2451 Diomedem
1018 2408 1263 2463 Argivaque
1289 2412 1423 2448 castra

235 2483 360 2530 atquc
385 2475 462 2516 iter
487 2473 644 2516 emensi
669 2487 789 2514 casus
815 2471 1103 2527 superavimus
1128 2469 1261 2510 omnis

143 2550 207 2583 245
235 2538 567 2593 contigimusque
592 2551 776 2584 manum,
802 2549 887 2588 qua
911 2533 1091 2575 concidit
1113 2533 1192 2573 Ilia
1215 2531 1350 2573 tellus.

233 2601 300 2645 ille
325 2600 470 2641 urbcm
499 2598 753 2654 Argyripam
779 2596 937 2653 patriae
962 2595 1208 2652 cognomine
1233 2593 1369 2649 gentis
