1622 2847
554 139 808 177 AENElDos
831 141 925 176 Lm.
950 140 1017 176 111.
1380 131 1460 175 139

117 245 268 301 ecquid
289 245 335 288 in
359 243 573 299 antiquam
597 244 793 286 virtutem
818 245 1063 300 animosque
1088 245 1217 288 virilis

117 316 159 351 et
180 315 298 363 pater
321 309 489 349 Aeneas
515 313 557 348 et
580 307 811 349 avunculus
837 307 990 349 excitat
1014 308 1216 349 Hector?

116 371 216 412 talia
239 369 440 412 fundebat
463 369 684 410 lacrimans
709 370 941 424 longosque
967 370 1104 411 ciebat

116 433 324 474 incassum
348 432 483 481 fletus,
510 446 605 472 cum
631 446 720 473 sese
745 447 770 473 a
794 432 1011 473 moenibus
1037 432 1158 474 heros
1488 442 1552 474 345

115 494 348 536 Priamides
372 493 512 535 multis
538 493 728 535 Helenus
754 493 1049 535 comitantibus
1075 494 1211 536 adfert

117 555 415 611 adgnoscitque
440 569 536 596 suos
560 555 779 609 laetusque
804 555 858 596 ad
881 555 1026 596 limina
1051 556 1165 597 ducit

117 625 159 660 et
181 618 358 659 multum
382 618 573 658 lacrimas
602 618 726 659 verba
750 618 858 659 inter
882 618 1048 673 singula
1071 618 1224 659 fundit.

115 680 294 735 procedo
319 686 360 721 et
383 695 556 735 parvam
580 679 752 720 Troiam
777 681 1053 734 simulataque
1077 681 1241 735 magnis

114 742 325 797 Pergama
350 750 390 784 et
414 749 598 783 arentem
621 741 786 783 Xanthi
811 742 1058 797 cognomine
1082 743 1219 783 rivum
1488 751 1553 782 350

116 804 325 859 adgnosco
352 803 594 858 Scaeaeque
619 805 846 860 amplector
869 804 1015 846 limina
1037 811 1196 860 portae.

114 881 190 907 nec
214 881 299 907 non
323 874 364 907 et
387 867 540 908 Teucri
565 866 675 908 socia
699 867 822 908 simul
847 867 950 908 urbe
974 867 1169 908 fruuntur

113 928 205 969 illos
229 929 454 983 porticibus
479 944 552 970 rex
577 928 807 983 accipiebat
830 929 873 969 in
898 929 1066 984 amplis3

115 990 224 1031 aulai
248 991 384 1032 medio
409 991 596 1032 libabant
618 991 768 1046 pocula
792 991 963 1039 Bacchi,

113 1052 314 1108 impositis
340 1068 440 1094 auro
466 1054 654 1107 dapibus,
682 1060 928 1107 paterasque
953 1053 1162 1094 tenebant.
1488 1063 1552 1094 355

170 1115 345 1169 Iamque
371 1115 456 1156 dies
483 1115 669 1169 alterque
696 1116 782 1156 dies
808 1116 1008 1170 processit
1033 1123 1074 1156 et
1098 1130 1224 1156 aurae

113 1177 207 1219 vela
231 1184 381 1218 vocant
405 1177 647 1231 tumidoque
671 1178 839 1218 inflatur
864 1178 1062 1219 carbasus
1088 1185 1246 1219 austro:

112 1239 177 1281 his
202 1247 339 1280 vatem
364 1240 585 1294 adgredior
610 1239 729 1280 dictis
755 1254 803 1280 ac
828 1240 926 1280 talia
950 1254 1125 1293 quaeso:

114 1301 383 1356 ‘Troiugena,
409 1303 610 1356 interpres
636 1301 792 1350 divum,
818 1302 889 1355 qui
913 1302 1085 1342 numina
1109 1301 1286 1351 Phoebi,

113 1364 187 1418 qui
211 1364 408 1418 tripodas,
437 1364 563 1406 Clarii
588 1364 742 1411 laurus,
768 1364 840 1417 qui
865 1364 1001 1405 sidera
1026 1364 1152 1405 sentis
1487 1373 1551 1405 360

114 1432 155 1467 et
179 1427 393 1467 volucrum
417 1426 582 1480 linguas
608 1433 649 1467 et
672 1427 878 1481 praepetis
905 1427 1042 1467 omina
1068 1427 1232 1481 pinnae,

113 1488 201 1529 fare
227 1503 304 1543 age
331 1490 527 1541 (namque
552 1503 717 1528 omnem
745 1504 910 1529 cursum
936 1489 1037 1529 mihi
1063 1503 1260 1543 prospera
1286 1489 1390 1529 dixit

112 1550 272 1605 relligio
298 1558 338 1592 et
362 1551 499 1591 cuncti
524 1558 743 1591 suaserunt
766 1551 936 1592 numine
962 1551 1046 1591 divi

113 1613 278 1654 Italiam
302 1620 442 1667 petere
469 1620 510 1654 et
532 1620 662 1654 terras
688 1620 891 1668 temptare
917 1620 1102 1668 repostas
1112 1629 1122 1662 3

114 1676 200 1717 sola
224 1690 379 1716 novum
406 1675 600 1728 dictuque
625 1675 744 1716 nefas
769 1675 944 1730 harpyia
969 1674 1154 1717 Celaeno
1485 1685 1548 1716 365

112 1737 347 1793 prodigium
373 1737 483 1777 canit
508 1743 547 1777 et
572 1736 697 1777 tristis
724 1737 941 1778 denuntiat
964 1737 1045 1777 iras

114 1800 419 1852 obscenamque
444 1798 614 1851 famem)
640 1813 747 1852 quae
772 1799 906 1854 prima
930 1799 1114 1853 pericula
1139 1799 1247 1839 vito?

113 1862 266 1916 quidve
292 1875 468 1914 sequens
493 1868 630 1901 tantos
655 1862 810 1916 possim
837 1877 1033 1916 superare
1058 1861 1265 1903 labores?

113 1925 180 1965 hic
204 1924 406 1972 Helenus,
433 1923 561 1964 caesis
586 1923 766 1978 primum
791 1924 842 1965 de
867 1939 980 1965 more
1005 1924 1205 1973 iuvencis,

114 1995 256 2028 exorat
280 2001 426 2041 pacem
451 1986 593 2026 divum
619 1986 825 2040 vittasque
850 1986 1019 2027 resolvit
1485 1997 1548 2028 370

114 2049 261 2090 sacrati
286 2049 429 2103 capitis
455 2063 604 2101 meque
630 2049 683 2089 ad
707 2056 778 2089 tua
802 2049 958 2097 limina,
984 2048 1170 2098 Phoebe,

113 2112 200 2166 ipse
224 2126 350 2151 manu
376 2110 505 2152 multo
531 2126 779 2165 suspensum
804 2111 974 2151 numine
999 2111 1125 2160 ducit,

114 2182 236 2227 atque
261 2173 363 2214 haec
388 2173 536 2214 deinde
562 2173 673 2214 canit
697 2173 836 2213 divino
862 2188 913 2214 ex
938 2188 1008 2215 ore
1035 2173 1245 2215 sacerdos:

170 2235 298 2276 ‘Nate
323 2235 412 2284 dea,
438 2250 535 2276 nam
560 2243 600 2276 te
624 2235 850 2276 maioribus
874 2236 933 2276 ire
958 2251 1031 2290 per
1056 2236 1186 2276 altum

113 2298 308 2353 auspiciis
332 2297 551 2339 manifesta
575 2298 678 2339 fides
703 2298 779 2349 (sic
804 2298 890 2338 fata
915 2298 1039 2339 deum
1064 2313 1137 2339 rex
1482 2308 1544 2338 375

114 2360 282 2402 sortitur
306 2360 517 2414 volvitque
542 2361 668 2409 vices,
692 2360 726 2400 is
752 2361 925 2401 vertitur
949 2361 1080 2413 ordo),

113 2437 247 2477 pauca
271 2421 346 2462 tibi
370 2438 392 2463 e
416 2422 571 2471 multis,
597 2436 678 2476 quo
704 2422 830 2462 tutior
854 2422 1017 2477 hospita
1041 2423 1190 2464 lustres

114 2499 296 2538 aequora
320 2490 361 2525 et
385 2484 573 2525 Ausonio
598 2485 732 2539 possis
757 2484 971 2525 considere
997 2493 1132 2540 portu,

114 2547 333 2601 expediam
358 2546 495 2596 dictis3
520 2547 739 2602 prohibent
764 2563 860 2587 nam
886 2555 1023 2588 cetera
1048 2562 1195 2602 parcae

114 2610 217 2652 scire
246 2609 453 2650 Helenum
477 2609 637 2664 farique
664 2616 774 2652 vetat
799 2608 996 2652 Saturnia
1021 2610 1139 2653 Iuno.
1481 2620 1545 2652 380
