1622 2847
475 159 766 198 GEORGICON
789 161 885 196 LIB.
911 161 961 197 H.

46 283 144 309 nam
170 283 293 322 saepe
316 266 492 308 incautis
517 265 752 320 pastoribus
778 265 932 307 excidit
955 265 1078 321 ignis,

48 330 120 383 qui
145 329 286 369 furtim
310 328 456 383 pingui
481 327 662 382 primum
687 327 764 368 sub
791 328 941 368 cortice
967 335 1100 369 tectus

47 391 197 431 robora
221 389 478 445 comprendit
502 389 754 443 frondesque
779 390 944 444 elapsus
970 389 1012 430 in
1038 390 1141 431 altas

46 453 257 507 ingentem
283 453 396 493 caelo
423 451 602 493 sonitum
627 452 757 501 dedit3
782 452 880 493 inde
905 458 1071 493 secutus

46 529 122 570 per
145 529 281 555 ramos
306 515 437 555 victor
461 528 618 569 perque
645 514 728 554 alta
753 514 969 554 cacumina
993 520 1142 568 regnat

47 583 89 618 et
112 583 244 617 totum
268 577 442 618 involvit
464 576 641 617 flammis
666 591 812 617 nemus
838 583 879 617 et
903 576 986 616 ruit
1009 583 1141 617 atram

47 638 101 680 ad
126 640 287 680 caelum
316 639 434 694 picea
459 653 621 679 crassus
648 638 826 693 caligine
850 639 1019 687 nubem,

47 701 288 756 praesertim
313 701 345 742 si
371 708 593 756 tempestas
619 716 644 741 a
668 701 823 742 vertice
847 701 960 741 silvis

46 763 237 804 incubuit
259 763 544 818 glomeratque
570 763 706 804 ferens
731 762 924 803 incendia
949 770 1111 803 ventus.

46 824 126 866 hoc
150 825 234 874 ubi,
260 840 343 866 non
369 841 393 866 a
417 826 543 880 stirpe
568 825 708 866 valent
732 839 961 878 caesaeque
986 824 1137 866 reverti

47 894 221 942 possunt
245 894 369 940 atque
394 888 476 928 ima
502 887 655 928 similes
680 887 930 929 revirescere
956 894 1083 936 terra3

47 949 191 990 infelix
216 958 382 1004 superat
408 949 516 991 foliis
542 950 718 991 oleaster
743 950 907 991 amaris.

103 1012 190 1052 Nec
214 1012 288 1052 tibi
313 1019 398 1052 tam
423 1012 605 1066 prudens
631 1012 851 1065 quisquam
876 1011 1127 1067 persuadeat
1150 1018 1294 1052 auctor

47 1074 236 1115 tellurem
261 1074 388 1115 borea
411 1074 588 1128 rigidam
614 1075 795 1128 spirante
820 1089 1000 1115 movere.

47 1151 144 1177 rura
168 1136 265 1190 gelu
293 1143 389 1177 tunc
415 1137 570 1177 claudit
594 1136 725 1177 hiems
751 1151 828 1178 nec
854 1137 1009 1178 semine
1034 1136 1142 1177 iacto

47 1205 281 1239 concretam
305 1199 459 1252 patitur
483 1199 663 1240 radicem
689 1199 871 1254 adfigere
897 1206 1044 1240 terrae.

47 1260 203 1315 optima
226 1260 374 1301 vinetis
401 1261 517 1309 satio,
544 1275 638 1301 cum
663 1276 760 1302 vere
785 1261 950 1303 rubenti

47 1322 223 1364 candida
247 1323 358 1363 venit
383 1323 470 1364 avis
495 1323 630 1378 longis
655 1323 789 1364 invisa
814 1323 1008 1373 colubris,

47 1385 180 1440 prima
205 1385 270 1426 vel
296 1385 484 1426 autumni
509 1385 587 1426 sub
613 1385 782 1440 frigora,
808 1401 904 1427 cum
927 1385 1096 1441 rapidus
1124 1384 1197 1426 Sol

47 1448 231 1488 nondum
256 1447 434 1488 hiemem
459 1448 661 1503 contingit
686 1449 817 1502 equis,
842 1448 926 1489 iam
950 1447 1147 1503 praeterit
1171 1454 1318 1489 aestas.

47 1525 119 1551 ver
143 1509 247 1551 adeo
272 1509 409 1550 frondi
433 1525 664 1559 nemorum,
691 1525 763 1551 ver
786 1511 886 1552 utile
911 1511 1044 1559 silvis3

46 1587 142 1614 vere
167 1579 329 1613 tument
351 1579 484 1614 terrae
510 1580 550 1613 et
572 1573 770 1627 genitalia
796 1573 955 1614 semina
978 1579 1166 1628 poscunt.

47 1641 134 1675 tum
161 1642 277 1689 pater
302 1635 562 1689 omnipotens
587 1635 776 1676 fecundis
801 1635 1005 1676 imbribus
1029 1635 1190 1676 Aether

47 1696 235 1752 coniugis
258 1697 302 1737 in
325 1699 531 1752 gremium
555 1698 687 1739 laetae
712 1698 927 1739 descendit
950 1704 991 1739 et
1015 1712 1158 1738 omnes

47 1775 223 1816 magnus
249 1760 322 1800 alit
344 1775 497 1815 magno
523 1761 771 1801 commixtus
798 1775 970 1816 corpore
995 1761 1117 1802 fetus.

48 1823 141 1864 avia
164 1830 252 1863 tum
277 1830 473 1864 resonant
496 1823 642 1864 avibus
669 1823 848 1878 virgulta
873 1824 1033 1865 canoris

49 1891 89 1926 et
112 1885 320 1927 Venerem
346 1885 466 1926 certis
492 1892 684 1940 repetunt
709 1892 896 1927 armenta
921 1885 1068 1927 diebus
1077 1902 1088 1935 3

48 1947 224 2002 parturit
249 1948 382 1988 almus
408 1963 507 2003 ager
532 1948 788 2003 zephyrique
814 1949 1049 2004 tepentibus
1074 1949 1185 1990 auris

47 2010 190 2051 laxant
212 2025 312 2051 arva
337 2011 469 2060 sinus3
497 2018 665 2065 superat
689 2018 805 2052 tener
830 2011 1021 2052 omnibus
1046 2026 1178 2061 umor,

48 2072 174 2126 inque
198 2087 327 2114 novos
353 2074 460 2114 soles
485 2073 641 2114 audent
665 2088 707 2114 se
733 2074 921 2129 germina
945 2080 1033 2115 tuto

50 2135 229 2184 credere,
253 2150 330 2177 nec
355 2136 502 2177 metuit
525 2136 733 2190 surgentis
758 2136 979 2191 pampinus
1004 2143 1166 2178 austros

51 2204 122 2238 aut
145 2204 281 2238 actum
307 2198 420 2239 caelo
445 2199 609 2253 magnis
634 2198 897 2251 aquilonibus
921 2198 1110 2248 imbrem,

0 2276 4 2278 ’
51 2258 123 2300 sed
147 2260 275 2300 trudit
297 2275 483 2315 gemmas
509 2267 549 2301 et
572 2260 740 2301 frondes
766 2261 946 2315 explicat
969 2261 1115 2302 omnis.

49 2336 134 2362 non
159 2321 258 2362 alios
284 2322 416 2376 prima
440 2323 645 2364 nascentis
671 2323 829 2378 origine
855 2323 998 2364 mundi

49 2383 247 2424 inluxisse
272 2384 357 2424 dies
382 2385 560 2426 aliumve
585 2385 778 2427 habuisse
804 2393 986 2427 tenorem

51 2445 311 2487 crediderim:
337 2461 409 2487 ver
432 2447 534 2488 illud
559 2454 658 2496 erat,
683 2462 756 2488 ver
779 2463 956 2502 magnus
982 2448 1134 2503 agebat

52 2507 162 2548 orbis
188 2515 229 2549 et
251 2508 432 2550 hibernis
458 2510 682 2564 parcebant
706 2509 870 2550 flatibus
896 2510 997 2559 euri,

53 2584 147 2610 cum
171 2570 328 2625 primae
352 2570 485 2612 lucem
510 2572 690 2626 pecudes
716 2572 890 2613 hausere
917 2573 1134 2627 virumque

52 2631 185 2675 ferrea
209 2634 427 2691 progenies
453 2634 566 2676 duris
592 2642 717 2691 caput
741 2635 886 2677 extulit
909 2635 1018 2677 arvis

1118 2702 1170 2735 43⁶

1340 150 1393 193 51

1421 397 1484 428 305

1421 708 1486 739 310

1421 1335 1486 1366 320

1418 1646 1482 1676 325

1420 1959 1484 1990 330

1419 2271 1481 2301 335

1419 2582 1483 2613 340
