<?xml version="1.0" encoding="UTF-8"?>
<!DOCTYPE html PUBLIC "-//W3C//DTD XHTML 1.0 Transitional//EN"
    "http://www.w3.org/TR/xhtml1/DTD/xhtml1-transitional.dtd">
<html xmlns="http://www.w3.org/1999/xhtml" xml:lang="en" lang="en">
 <head>
  <title>
</title>
<meta http-equiv="Content-Type" content="text/html;charset=utf-8" />
  <meta name='ocr-system' content='tesseract 3.04.00' />
  <meta name='ocr-capabilities' content='ocr_page ocr_carea ocr_par ocr_line ocrx_word'/>
</head>
<body>
  <div class='ocr_page' id='page_1' title='image "./carmina00virguoft_0392.png"; bbox 0 0 1628 2847; ppageno 0'>
   <div class='ocr_carea' id='block_1_1' title="bbox 70 1132 133 1162">
    <p class='ocr_par' dir='ltr' id='par_1_1' title="bbox 70 1132 133 1162">
     <span class='ocr_line' id='line_1_1' title="bbox 70 1132 133 1162; baseline 0 0"><span class='ocrx_word' id='word_1_1' title='bbox 70 1132 133 1162; x_wconf 87' lang='grc'>235</span> 
     </span>
    </p>
   </div>
   <div class='ocr_carea' id='block_1_2' title="bbox 70 1447 134 1477">
    <p class='ocr_par' dir='ltr' id='par_1_2' title="bbox 70 1447 134 1477">
     <span class='ocr_line' id='line_1_2' title="bbox 70 1447 134 1477; baseline 0.016 -1"><span class='ocrx_word' id='word_1_2' title='bbox 70 1447 134 1477; x_wconf 87' lang='grc'>240</span> 
     </span>
    </p>
   </div>
   <div class='ocr_carea' id='block_1_3' title="bbox 71 1760 133 1790">
    <p class='ocr_par' dir='ltr' id='par_1_3' title="bbox 71 1760 133 1790">
     <span class='ocr_line' id='line_1_3' title="bbox 71 1760 133 1790; baseline -0.016 0"><span class='ocrx_word' id='word_1_3' title='bbox 71 1760 133 1790; x_wconf 76' lang='lat'>245</span> 
     </span>
    </p>
   </div>
   <div class='ocr_carea' id='block_1_4' title="bbox 72 2074 136 2104">
    <p class='ocr_par' dir='ltr' id='par_1_4' title="bbox 72 2074 136 2104">
     <span class='ocr_line' id='line_1_4' title="bbox 72 2074 136 2104; baseline 0 0"><span class='ocrx_word' id='word_1_4' title='bbox 72 2074 136 2104; x_wconf 81' lang='lat'>250</span> 
     </span>
    </p>
   </div>
   <div class='ocr_carea' id='block_1_5' title="bbox 73 2385 136 2417">
    <p class='ocr_par' dir='ltr' id='par_1_5' title="bbox 73 2385 136 2417">
     <span class='ocr_line' id='line_1_5' title="bbox 73 2385 136 2417; baseline 0.016 -1"><span class='ocrx_word' id='word_1_5' title='bbox 73 2385 136 2417; x_wconf 81' lang='lat'>255</span> 
     </span>
    </p>
   </div>
   <div class='ocr_carea' id='block_1_6' title="bbox 164 133 1099 180">
    <p class='ocr_par' dir='ltr' id='par_1_6' title="bbox 164 133 1099 180">
     <span class='ocr_line' id='line_1_6' title="bbox 164 133 1099 180; baseline 0.006 -6"><span class='ocrx_word' id='word_1_6' title='bbox 164 133 246 175; x_wconf 81' lang='grc'>328</span> <span class='ocrx_word' id='word_1_7' title='bbox 574 142 617 178; x_wconf 91' lang='grc' dir='ltr'>Ρ.</span> <span class='ocrx_word' id='word_1_8' title='bbox 637 141 849 179; x_wconf 79' lang='lat' dir='ltr'>VERGILI</span> <span class='ocrx_word' id='word_1_9' title='bbox 873 142 1099 180; x_wconf 87' lang='lat' dir='ltr'>MARONIS</span> 
     </span>
    </p>
   </div>
   <div class='ocr_carea' id='block_1_7' title="bbox 157 246 1465 2681">
    <p class='ocr_par' dir='ltr' id='par_1_7' title="bbox 161 246 1299 426">
     <span class='ocr_line' id='line_1_7' title="bbox 164 246 1299 304; baseline 0.004 -18"><span class='ocrx_word' id='word_1_10' title='bbox 164 246 437 300; x_wconf 83' lang='lat' dir='ltr'>tabentesque</span> <span class='ocrx_word' id='word_1_11' title='bbox 461 260 594 302; x_wconf 86' lang='lat' dir='ltr'>genae</span> <span class='ocrx_word' id='word_1_12' title='bbox 620 252 660 287; x_wconf 84' lang='lat' dir='ltr'>et</span> <span class='ocrx_word' id='word_1_13' title='bbox 684 246 867 288; x_wconf 88' lang='lat' dir='ltr'>iuvenali</span> <span class='ocrx_word' id='word_1_14' title='bbox 891 247 933 287; x_wconf 91' lang='lat' dir='ltr'>in</span> <span class='ocrx_word' id='word_1_15' title='bbox 959 261 1130 303; x_wconf 88' lang='lat' dir='ltr'>corpore</span> <span class='ocrx_word' id='word_1_16' title='bbox 1154 249 1299 304; x_wconf 87' lang='lat' dir='ltr'>pallor.</span> 
     </span>
     <span class='ocr_line' id='line_1_8' title="bbox 163 309 1266 362; baseline 0.002 -12"><span class='ocrx_word' id='word_1_17' title='bbox 163 323 289 362; x_wconf 90' lang='lat' dir='ltr'>quem</span> <span class='ocrx_word' id='word_1_18' title='bbox 315 309 437 350; x_wconf 85' lang='lat' dir='ltr'>simul</span> <span class='ocrx_word' id='word_1_19' title='bbox 464 324 511 350; x_wconf 92' lang='lat' dir='ltr'>ac</span> <span class='ocrx_word' id='word_1_20' title='bbox 536 309 712 350; x_wconf 83' lang='lat' dir='ltr'>Iuturna</span> <span class='ocrx_word' id='word_1_21' title='bbox 737 323 853 350; x_wconf 89' lang='lat' dir='ltr'>soror</span> <span class='ocrx_word' id='word_1_22' title='bbox 878 309 1138 352; x_wconf 84' lang='lat' dir='ltr'>crebrescere</span> <span class='ocrx_word' id='word_1_23' title='bbox 1163 311 1266 352; x_wconf 87' lang='lat' dir='ltr'>vidit</span> 
     </span>
     <span class='ocr_line' id='line_1_9' title="bbox 161 371 1160 426; baseline 0.003 -14"><span class='ocrx_word' id='word_1_24' title='bbox 161 386 396 413; x_wconf 86' lang='lat' dir='ltr'>sermonem</span> <span class='ocrx_word' id='word_1_25' title='bbox 422 378 462 413; x_wconf 86' lang='lat' dir='ltr'>et</span> <span class='ocrx_word' id='word_1_26' title='bbox 487 371 602 426; x_wconf 87' lang='lat' dir='ltr'>vulgi</span> <span class='ocrx_word' id='word_1_27' title='bbox 627 371 787 413; x_wconf 88' lang='lat' dir='ltr'>variare</span> <span class='ocrx_word' id='word_1_28' title='bbox 813 371 998 413; x_wconf 79' lang='lat' dir='ltr'>labantia</span> <span class='ocrx_word' id='word_1_29' title='bbox 1023 374 1160 421; x_wconf 87' lang='lat' dir='ltr'>corda,</span> 
     </span>
    </p>

    <p class='ocr_par' dir='ltr' id='par_1_8' title="bbox 163 433 1223 482">
     <span class='ocr_line' id='line_1_10' title="bbox 163 433 1223 482; baseline 0.003 -8"><span class='ocrx_word' id='word_1_30' title='bbox 163 433 206 474; x_wconf 88' lang='lat' dir='ltr'>in</span> <span class='ocrx_word' id='word_1_31' title='bbox 229 434 386 476; x_wconf 88' lang='lat' dir='ltr'>medias</span> <span class='ocrx_word' id='word_1_32' title='bbox 413 434 536 482; x_wconf 88' lang='lat' dir='ltr'>acics,</span> <span class='ocrx_word' id='word_1_33' title='bbox 561 434 738 475; x_wconf 87' lang='lat' dir='ltr'>formam</span> <span class='ocrx_word' id='word_1_34' title='bbox 764 434 1013 476; x_wconf 87' lang='lat' dir='ltr'>adsimulata</span> <span class='ocrx_word' id='word_1_35' title='bbox 1038 434 1223 478; x_wconf 85' lang='lat' dir='ltr'>Camerti</span> 
     </span>
    </p>

    <p class='ocr_par' dir='ltr' id='par_1_9' title="bbox 162 496 1304 614">
     <span class='ocr_line' id='line_1_11' title="bbox 162 496 1304 553; baseline 0.004 -16"><span class='ocrx_word' id='word_1_36' title='bbox 162 496 246 548; x_wconf 89' lang='lat' dir='ltr'>(cui</span> <span class='ocrx_word' id='word_1_37' title='bbox 269 511 402 551; x_wconf 85' lang='lat' dir='ltr'>genus</span> <span class='ocrx_word' id='word_1_38' title='bbox 428 512 452 537; x_wconf 89' lang='lat' dir='ltr'>a</span> <span class='ocrx_word' id='word_1_39' title='bbox 477 496 642 551; x_wconf 87' lang='lat' dir='ltr'>proavis</span> <span class='ocrx_word' id='word_1_40' title='bbox 668 496 816 552; x_wconf 87' lang='lat' dir='ltr'>ingens</span> <span class='ocrx_word' id='word_1_41' title='bbox 842 497 1083 552; x_wconf 87' lang='lat' dir='ltr'>clarumque</span> <span class='ocrx_word' id='word_1_42' title='bbox 1107 506 1304 553; x_wconf 83' lang='lat' dir='ltr'>paternae</span> 
     </span>
     <span class='ocr_line' id='line_1_12' title="bbox 162 559 1222 614; baseline 0.003 -15"><span class='ocrx_word' id='word_1_43' title='bbox 162 573 314 600; x_wconf 88' lang='lat' dir='ltr'>nomen</span> <span class='ocrx_word' id='word_1_44' title='bbox 340 566 427 601; x_wconf 89' lang='lat' dir='ltr'>erat</span> <span class='ocrx_word' id='word_1_45' title='bbox 452 559 614 600; x_wconf 88' lang='lat' dir='ltr'>virtutis</span> <span class='ocrx_word' id='word_1_46' title='bbox 641 565 681 600; x_wconf 86' lang='lat' dir='ltr'>et</span> <span class='ocrx_word' id='word_1_47' title='bbox 704 559 792 614; x_wconf 89' lang='lat' dir='ltr'>ipsc</span> <span class='ocrx_word' id='word_1_48' title='bbox 819 559 1042 600; x_wconf 86' lang='lat' dir='ltr'>acerrimus</span> <span class='ocrx_word' id='word_1_49' title='bbox 1067 561 1222 612; x_wconf 87' lang='lat' dir='ltr'>armis),</span> 
     </span>
    </p>

    <p class='ocr_par' dir='ltr' id='par_1_10' title="bbox 160 621 1224 737">
     <span class='ocr_line' id='line_1_13' title="bbox 161 621 1224 673; baseline 0.002 -11"><span class='ocrx_word' id='word_1_50' title='bbox 161 621 204 662; x_wconf 90' lang='lat' dir='ltr'>in</span> <span class='ocrx_word' id='word_1_51' title='bbox 229 621 387 663; x_wconf 89' lang='lat' dir='ltr'>medias</span> <span class='ocrx_word' id='word_1_52' title='bbox 412 621 482 662; x_wconf 91' lang='lat' dir='ltr'>dat</span> <span class='ocrx_word' id='word_1_53' title='bbox 508 636 598 663; x_wconf 89' lang='lat' dir='ltr'>sese</span> <span class='ocrx_word' id='word_1_54' title='bbox 623 621 746 670; x_wconf 90' lang='lat' dir='ltr'>acies,</span> <span class='ocrx_word' id='word_1_55' title='bbox 773 621 884 662; x_wconf 90' lang='lat' dir='ltr'>haud</span> <span class='ocrx_word' id='word_1_56' title='bbox 910 622 1049 663; x_wconf 88' lang='lat' dir='ltr'>nescia</span> <span class='ocrx_word' id='word_1_57' title='bbox 1072 637 1224 673; x_wconf 88' lang='lat' dir='ltr'>rerum,</span> 
     </span>
     <span class='ocr_line' id='line_1_14' title="bbox 160 683 1066 737; baseline 0 -12"><span class='ocrx_word' id='word_1_58' title='bbox 160 698 431 737; x_wconf 86' lang='lat' dir='ltr'>rumoresque</span> <span class='ocrx_word' id='word_1_59' title='bbox 457 683 555 725; x_wconf 87' lang='lat' dir='ltr'>serit</span> <span class='ocrx_word' id='word_1_60' title='bbox 580 684 716 725; x_wconf 89' lang='lat' dir='ltr'>varios</span> <span class='ocrx_word' id='word_1_61' title='bbox 741 697 789 725; x_wconf 90' lang='lat' dir='ltr'>ac</span> <span class='ocrx_word' id='word_1_62' title='bbox 815 683 913 724; x_wconf 86' lang='lat' dir='ltr'>talia</span> <span class='ocrx_word' id='word_1_63' title='bbox 937 683 1066 725; x_wconf 89' lang='lat' dir='ltr'>fatur:</span> 
     </span>
    </p>

    <p class='ocr_par' dir='ltr' id='par_1_11' title="bbox 159 745 1404 987">
     <span class='ocr_line' id='line_1_15' title="bbox 163 745 1282 801; baseline 0.003 -15"><span class='ocrx_word' id='word_1_64' title='bbox 163 750 264 786; x_wconf 88' lang='lat' dir='ltr'>‘non</span> <span class='ocrx_word' id='word_1_65' title='bbox 289 746 433 801; x_wconf 87' lang='lat' dir='ltr'>pudet,</span> <span class='ocrx_word' id='word_1_66' title='bbox 459 760 482 786; x_wconf 96' lang='lat'>0</span> <span class='ocrx_word' id='word_1_67' title='bbox 509 745 669 795; x_wconf 85' lang='lat' dir='ltr'>Rutuli,</span> <span class='ocrx_word' id='word_1_68' title='bbox 693 759 769 800; x_wconf 85' lang='lat' dir='ltr'>pro</span> <span class='ocrx_word' id='word_1_69' title='bbox 795 746 953 787; x_wconf 89' lang='lat' dir='ltr'>cunctis</span> <span class='ocrx_word' id='word_1_70' title='bbox 978 746 1131 788; x_wconf 88' lang='lat' dir='ltr'>talibus</span> <span class='ocrx_word' id='word_1_71' title='bbox 1155 762 1282 789; x_wconf 90' lang='lat' dir='ltr'>unam</span> 
     </span>
     <span class='ocr_line' id='line_1_16' title="bbox 161 807 1260 864; baseline 0.002 -16"><span class='ocrx_word' id='word_1_72' title='bbox 161 808 369 849; x_wconf 80' lang='lat' dir='ltr'>obiectare</span> <span class='ocrx_word' id='word_1_73' title='bbox 395 807 602 849; x_wconf 84' lang='lat' dir='ltr'>animam?</span> <span class='ocrx_word' id='word_1_74' title='bbox 626 823 854 849; x_wconf 89' lang='lat' dir='ltr'>numerone</span> <span class='ocrx_word' id='word_1_75' title='bbox 879 823 931 849; x_wconf 90' lang='lat' dir='ltr'>an</span> <span class='ocrx_word' id='word_1_76' title='bbox 956 809 1113 850; x_wconf 90' lang='lat' dir='ltr'>viribus</span> <span class='ocrx_word' id='word_1_77' title='bbox 1139 810 1260 864; x_wconf 87' lang='lat' dir='ltr'>aequi</span> 
     </span>
     <span class='ocr_line' id='line_1_17' title="bbox 160 871 1404 921; baseline 0.002 -10"><span class='ocrx_word' id='word_1_78' title='bbox 160 885 244 911; x_wconf 91' lang='lat' dir='ltr'>non</span> <span class='ocrx_word' id='word_1_79' title='bbox 269 871 439 911; x_wconf 83' lang='lat' dir='ltr'>sumus?</span> <span class='ocrx_word' id='word_1_80' title='bbox 464 885 530 920; x_wconf 91' lang='lat' dir='ltr'>en,</span> <span class='ocrx_word' id='word_1_81' title='bbox 555 884 698 912; x_wconf 87' lang='lat' dir='ltr'>omnes</span> <span class='ocrx_word' id='word_1_82' title='bbox 724 877 765 912; x_wconf 89' lang='lat' dir='ltr'>et</span> <span class='ocrx_word' id='word_1_83' title='bbox 789 871 921 912; x_wconf 86' lang='lat' dir='ltr'>Troes</span> <span class='ocrx_word' id='word_1_84' title='bbox 947 878 988 912; x_wconf 87' lang='lat' dir='ltr'>et</span> <span class='ocrx_word' id='word_1_85' title='bbox 1013 871 1202 913; x_wconf 84' lang='lat' dir='ltr'>Arcades</span> <span class='ocrx_word' id='word_1_86' title='bbox 1227 872 1269 913; x_wconf 83' lang='lat' dir='ltr'>hi</span> <span class='ocrx_word' id='word_1_87' title='bbox 1294 878 1404 921; x_wconf 86' lang='lat' dir='ltr'>sunt,</span> 
     </span>
     <span class='ocr_line' id='line_1_18' title="bbox 159 932 1136 987; baseline 0.002 -14"><span class='ocrx_word' id='word_1_88' title='bbox 159 933 382 987; x_wconf 86' lang='lat' dir='ltr'>fatalisque</span> <span class='ocrx_word' id='word_1_89' title='bbox 407 948 570 982; x_wconf 82' lang='lat' dir='ltr'>manus,</span> <span class='ocrx_word' id='word_1_90' title='bbox 596 933 759 975; x_wconf 88' lang='lat' dir='ltr'>infensa</span> <span class='ocrx_word' id='word_1_91' title='bbox 784 932 954 974; x_wconf 86' lang='lat' dir='ltr'>Etruria</span> <span class='ocrx_word' id='word_1_92' title='bbox 977 933 1136 975; x_wconf 77' lang='lat' dir='ltr'>Turno,</span> 
     </span>
    </p>

    <p class='ocr_par' dir='ltr' id='par_1_12' title="bbox 159 995 1308 1175">
     <span class='ocr_line' id='line_1_19' title="bbox 159 995 1264 1050; baseline 0.002 -14"><span class='ocrx_word' id='word_1_93' title='bbox 159 996 231 1036; x_wconf 86' lang='lat' dir='ltr'>vix</span> <span class='ocrx_word' id='word_1_94' title='bbox 255 995 430 1045; x_wconf 83' lang='lat' dir='ltr'>hostem,</span> <span class='ocrx_word' id='word_1_95' title='bbox 457 995 605 1037; x_wconf 89' lang='lat' dir='ltr'>alterni</span> <span class='ocrx_word' id='word_1_96' title='bbox 630 995 664 1036; x_wconf 92' lang='lat' dir='ltr'>si</span> <span class='ocrx_word' id='word_1_97' title='bbox 690 996 1022 1050; x_wconf 79' lang='lat' dir='ltr'>congrediamur,</span> <span class='ocrx_word' id='word_1_98' title='bbox 1048 996 1264 1038; x_wconf 89' lang='lat' dir='ltr'>habemus.</span> 
     </span>
     <span class='ocr_line' id='line_1_20' title="bbox 159 1058 1308 1114; baseline 0.001 -15"><span class='ocrx_word' id='word_1_99' title='bbox 159 1058 229 1099; x_wconf 90' lang='lat' dir='ltr'>ille</span> <span class='ocrx_word' id='word_1_100' title='bbox 253 1058 423 1112; x_wconf 88' lang='lat' dir='ltr'>quidem</span> <span class='ocrx_word' id='word_1_101' title='bbox 449 1058 502 1099; x_wconf 85' lang='lat' dir='ltr'>ad</span> <span class='ocrx_word' id='word_1_102' title='bbox 527 1073 714 1114; x_wconf 90' lang='lat' dir='ltr'>superos,</span> <span class='ocrx_word' id='word_1_103' title='bbox 740 1072 919 1112; x_wconf 89' lang='lat' dir='ltr'>quorum</span> <span class='ocrx_word' id='word_1_104' title='bbox 944 1073 988 1100; x_wconf 89' lang='lat' dir='ltr'>se</span> <span class='ocrx_word' id='word_1_105' title='bbox 1013 1059 1191 1101; x_wconf 82' lang='lat' dir='ltr'>devovet</span> <span class='ocrx_word' id='word_1_106' title='bbox 1214 1059 1308 1109; x_wconf 87' lang='lat' dir='ltr'>aris,</span> 
     </span>
     <span class='ocr_line' id='line_1_21' title="bbox 161 1120 1117 1175; baseline 0 -13"><span class='ocrx_word' id='word_1_107' title='bbox 161 1121 357 1162; x_wconf 89' lang='lat' dir='ltr'>succedet</span> <span class='ocrx_word' id='word_1_108' title='bbox 382 1121 495 1161; x_wconf 88' lang='lat' dir='ltr'>fama</span> <span class='ocrx_word' id='word_1_109' title='bbox 519 1120 725 1174; x_wconf 89' lang='lat' dir='ltr'>vivusque</span> <span class='ocrx_word' id='word_1_110' title='bbox 750 1136 824 1175; x_wconf 86' lang='lat' dir='ltr'>per</span> <span class='ocrx_word' id='word_1_111' title='bbox 849 1135 920 1162; x_wconf 89' lang='lat' dir='ltr'>ora</span> <span class='ocrx_word' id='word_1_112' title='bbox 944 1120 1117 1171; x_wconf 83' lang='lat' dir='ltr'>feretur3</span> 
     </span>
    </p>

    <p class='ocr_par' dir='ltr' id='par_1_13' title="bbox 157 1183 1189 1350">
     <span class='ocr_line' id='line_1_22' title="bbox 157 1183 1158 1239; baseline 0 -14"><span class='ocrx_word' id='word_1_113' title='bbox 157 1198 234 1225; x_wconf 88' lang='lat' dir='ltr'>nos</span> <span class='ocrx_word' id='word_1_114' title='bbox 259 1184 393 1238; x_wconf 88' lang='lat' dir='ltr'>patria</span> <span class='ocrx_word' id='word_1_115' title='bbox 418 1184 569 1224; x_wconf 85' lang='lat' dir='ltr'>amissa</span> <span class='ocrx_word' id='word_1_116' title='bbox 594 1183 771 1224; x_wconf 88' lang='lat' dir='ltr'>dominis</span> <span class='ocrx_word' id='word_1_117' title='bbox 796 1198 942 1238; x_wconf 87' lang='lat' dir='ltr'>parere</span> <span class='ocrx_word' id='word_1_118' title='bbox 968 1183 1158 1239; x_wconf 90' lang='lat' dir='ltr'>superbis</span> 
     </span>
     <span class='ocr_line' id='line_1_23' title="bbox 159 1246 1178 1301; baseline -0.001 -13"><span class='ocrx_word' id='word_1_119' title='bbox 159 1261 371 1301; x_wconf 77' lang='lat' dir='ltr'>cogemur,</span> <span class='ocrx_word' id='word_1_120' title='bbox 398 1246 469 1300; x_wconf 90' lang='lat' dir='ltr'>qui</span> <span class='ocrx_word' id='word_1_121' title='bbox 492 1260 604 1287; x_wconf 89' lang='lat' dir='ltr'>nunc</span> <span class='ocrx_word' id='word_1_122' title='bbox 628 1246 728 1287; x_wconf 87' lang='lat' dir='ltr'>lenti</span> <span class='ocrx_word' id='word_1_123' title='bbox 754 1246 1015 1287; x_wconf 78' lang='lat' dir='ltr'>consedimus</span> <span class='ocrx_word' id='word_1_124' title='bbox 1042 1246 1178 1287; x_wconf 86' lang='lat' dir='ltr'>arvis.&#39;</span> 
     </span>
     <span class='ocr_line' id='line_1_24' title="bbox 159 1308 1189 1350; baseline 0 -1"><span class='ocrx_word' id='word_1_125' title='bbox 159 1309 312 1350; x_wconf 86' lang='lat' dir='ltr'>talibus</span> <span class='ocrx_word' id='word_1_126' title='bbox 338 1309 507 1349; x_wconf 89' lang='lat' dir='ltr'>incensa</span> <span class='ocrx_word' id='word_1_127' title='bbox 532 1315 592 1349; x_wconf 88' lang='lat' dir='ltr'>est</span> <span class='ocrx_word' id='word_1_128' title='bbox 617 1308 817 1349; x_wconf 89' lang='lat' dir='ltr'>iuvenum</span> <span class='ocrx_word' id='word_1_129' title='bbox 843 1309 1046 1350; x_wconf 86' lang='lat' dir='ltr'>sententia</span> <span class='ocrx_word' id='word_1_130' title='bbox 1071 1309 1189 1350; x_wconf 87' lang='lat' dir='ltr'>dictis</span> 
     </span>
    </p>

    <p class='ocr_par' dir='ltr' id='par_1_14' title="bbox 158 1372 1465 1489">
     <span class='ocr_line' id='line_1_25' title="bbox 158 1372 1465 1427; baseline -0.001 -14"><span class='ocrx_word' id='word_1_131' title='bbox 158 1372 241 1413; x_wconf 90' lang='lat' dir='ltr'>iam</span> <span class='ocrx_word' id='word_1_132' title='bbox 266 1372 399 1426; x_wconf 86' lang='lat' dir='ltr'>magis</span> <span class='ocrx_word' id='word_1_133' title='bbox 426 1379 548 1425; x_wconf 81' lang='lat' dir='ltr'>atque</span> <span class='ocrx_word' id='word_1_134' title='bbox 572 1372 708 1426; x_wconf 88' lang='lat' dir='ltr'>magis</span> <span class='ocrx_word' id='word_1_135' title='bbox 734 1372 944 1426; x_wconf 82' lang='lat' dir='ltr'>serpitque</span> <span class='ocrx_word' id='word_1_136' title='bbox 969 1387 1042 1427; x_wconf 89' lang='lat' dir='ltr'>per</span> <span class='ocrx_word' id='word_1_137' title='bbox 1066 1373 1235 1427; x_wconf 83' lang='lat' dir='ltr'>agmina</span> <span class='ocrx_word' id='word_1_138' title='bbox 1259 1386 1465 1421; x_wconf 87' lang='lat' dir='ltr'>murmur3</span> 
     </span>
     <span class='ocr_line' id='line_1_26' title="bbox 158 1434 1040 1489; baseline 0.001 -14"><span class='ocrx_word' id='word_1_139' title='bbox 158 1435 237 1489; x_wconf 88' lang='lat' dir='ltr'>ipsi</span> <span class='ocrx_word' id='word_1_140' title='bbox 262 1434 498 1475; x_wconf 85' lang='lat' dir='ltr'>Laurentes</span> <span class='ocrx_word' id='word_1_141' title='bbox 523 1435 671 1475; x_wconf 87' lang='lat' dir='ltr'>mutati</span> <span class='ocrx_word' id='word_1_142' title='bbox 696 1434 860 1489; x_wconf 87' lang='lat' dir='ltr'>ipsique</span> <span class='ocrx_word' id='word_1_143' title='bbox 886 1434 1040 1476; x_wconf 86' lang='lat' dir='ltr'>Latini.</span> 
     </span>
    </p>

    <p class='ocr_par' dir='ltr' id='par_1_15' title="bbox 159 1496 1349 1677">
     <span class='ocr_line' id='line_1_27' title="bbox 159 1496 1282 1552; baseline 0 -14"><span class='ocrx_word' id='word_1_144' title='bbox 159 1497 230 1552; x_wconf 91' lang='lat' dir='ltr'>qui</span> <span class='ocrx_word' id='word_1_145' title='bbox 256 1496 335 1538; x_wconf 88' lang='lat' dir='ltr'>sibi</span> <span class='ocrx_word' id='word_1_146' title='bbox 359 1497 441 1537; x_wconf 89' lang='lat' dir='ltr'>iarn</span> <span class='ocrx_word' id='word_1_147' title='bbox 466 1497 654 1550; x_wconf 83' lang='lat' dir='ltr'>requiem</span> <span class='ocrx_word' id='word_1_148' title='bbox 679 1512 847 1552; x_wconf 81' lang='lat' dir='ltr'>pugnae</span> <span class='ocrx_word' id='word_1_149' title='bbox 872 1497 1081 1551; x_wconf 86' lang='lat' dir='ltr'>rebusque</span> <span class='ocrx_word' id='word_1_150' title='bbox 1106 1497 1282 1539; x_wconf 86' lang='lat' dir='ltr'>salutem</span> 
     </span>
     <span class='ocr_line' id='line_1_28' title="bbox 160 1558 1349 1615; baseline 0 -15"><span class='ocrx_word' id='word_1_151' title='bbox 160 1559 398 1615; x_wconf 82' lang='lat' dir='ltr'>sperabant,</span> <span class='ocrx_word' id='word_1_152' title='bbox 423 1574 535 1600; x_wconf 84' lang='lat' dir='ltr'>nune</span> <span class='ocrx_word' id='word_1_153' title='bbox 561 1574 676 1600; x_wconf 88' lang='lat' dir='ltr'>arma</span> <span class='ocrx_word' id='word_1_154' title='bbox 700 1559 846 1600; x_wconf 77' lang='lat' dir='ltr'>volunt</span> <span class='ocrx_word' id='word_1_155' title='bbox 870 1558 1102 1614; x_wconf 87' lang='lat' dir='ltr'>foedusque</span> <span class='ocrx_word' id='word_1_156' title='bbox 1127 1566 1349 1615; x_wconf 87' lang='lat' dir='ltr'>precantur</span> 
     </span>
     <span class='ocr_line' id='line_1_29' title="bbox 159 1622 1262 1677; baseline 0.001 -14"><span class='ocrx_word' id='word_1_157' title='bbox 159 1623 359 1664; x_wconf 88' lang='lat' dir='ltr'>infectum</span> <span class='ocrx_word' id='word_1_158' title='bbox 386 1629 425 1662; x_wconf 91' lang='lat' dir='ltr'>et</span> <span class='ocrx_word' id='word_1_159' title='bbox 450 1622 583 1662; x_wconf 88' lang='lat' dir='ltr'>Turni</span> <span class='ocrx_word' id='word_1_160' title='bbox 610 1628 763 1663; x_wconf 89' lang='lat' dir='ltr'>sortem</span> <span class='ocrx_word' id='word_1_161' title='bbox 788 1622 1038 1664; x_wconf 85' lang='lat' dir='ltr'>miserantur</span> <span class='ocrx_word' id='word_1_162' title='bbox 1062 1623 1262 1677; x_wconf 82' lang='lat' dir='ltr'>iniquam.</span> 
     </span>
    </p>

    <p class='ocr_par' dir='ltr' id='par_1_16' title="bbox 159 1684 1107 1740">
     <span class='ocr_line' id='line_1_30' title="bbox 159 1684 1107 1740; baseline 0.001 -15"><span class='ocrx_word' id='word_1_163' title='bbox 159 1685 222 1725; x_wconf 89' lang='lat' dir='ltr'>his</span> <span class='ocrx_word' id='word_1_164' title='bbox 248 1684 360 1725; x_wconf 90' lang='lat' dir='ltr'>aliud</span> <span class='ocrx_word' id='word_1_165' title='bbox 385 1684 518 1725; x_wconf 86' lang='lat' dir='ltr'>maius</span> <span class='ocrx_word' id='word_1_166' title='bbox 544 1684 720 1725; x_wconf 86' lang='lat' dir='ltr'>Iuturna</span> <span class='ocrx_word' id='word_1_167' title='bbox 745 1684 934 1740; x_wconf 88' lang='lat' dir='ltr'>adiungit</span> <span class='ocrx_word' id='word_1_168' title='bbox 959 1692 1001 1727; x_wconf 86' lang='lat' dir='ltr'>et</span> <span class='ocrx_word' id='word_1_169' title='bbox 1024 1685 1107 1726; x_wconf 87' lang='lat' dir='ltr'>alto</span> 
     </span>
    </p>

    <p class='ocr_par' dir='ltr' id='par_1_17' title="bbox 160 1746 1350 2493">
     <span class='ocr_line' id='line_1_31' title="bbox 160 1746 1236 1802; baseline 0.001 -14"><span class='ocrx_word' id='word_1_170' title='bbox 160 1747 231 1788; x_wconf 89' lang='lat' dir='ltr'>dat</span> <span class='ocrx_word' id='word_1_171' title='bbox 255 1746 422 1801; x_wconf 89' lang='lat' dir='ltr'>signum</span> <span class='ocrx_word' id='word_1_172' title='bbox 448 1747 576 1795; x_wconf 88' lang='lat' dir='ltr'>caelo,</span> <span class='ocrx_word' id='word_1_173' title='bbox 603 1760 685 1801; x_wconf 93' lang='lat' dir='ltr'>quo</span> <span class='ocrx_word' id='word_1_174' title='bbox 711 1761 793 1787; x_wconf 91' lang='lat' dir='ltr'>non</span> <span class='ocrx_word' id='word_1_175' title='bbox 819 1748 1078 1802; x_wconf 88' lang='lat' dir='ltr'>praesentius</span> <span class='ocrx_word' id='word_1_176' title='bbox 1103 1748 1236 1789; x_wconf 87' lang='lat' dir='ltr'>ullum</span> 
     </span>
     <span class='ocr_line' id='line_1_32' title="bbox 160 1809 1161 1863; baseline 0.002 -14"><span class='ocrx_word' id='word_1_177' title='bbox 160 1809 344 1850; x_wconf 84' lang='lat' dir='ltr'>turbavit</span> <span class='ocrx_word' id='word_1_178' title='bbox 368 1816 526 1850; x_wconf 84' lang='lat' dir='ltr'>mentes</span> <span class='ocrx_word' id='word_1_179' title='bbox 553 1809 683 1850; x_wconf 84' lang='lat' dir='ltr'>Italas</span> <span class='ocrx_word' id='word_1_180' title='bbox 709 1816 977 1863; x_wconf 87' lang='lat' dir='ltr'>monstroque</span> <span class='ocrx_word' id='word_1_181' title='bbox 1002 1810 1161 1851; x_wconf 88' lang='lat' dir='ltr'>fefellit.</span> 
     </span>
     <span class='ocr_line' id='line_1_33' title="bbox 160 1871 1310 1925; baseline 0.001 -12"><span class='ocrx_word' id='word_1_182' title='bbox 160 1886 342 1925; x_wconf 87' lang='lat' dir='ltr'>namque</span> <span class='ocrx_word' id='word_1_183' title='bbox 367 1872 511 1912; x_wconf 84' lang='lat' dir='ltr'>volans</span> <span class='ocrx_word' id='word_1_184' title='bbox 536 1871 662 1912; x_wconf 87' lang='lat' dir='ltr'>rubra</span> <span class='ocrx_word' id='word_1_185' title='bbox 687 1872 825 1913; x_wconf 85' lang='lat' dir='ltr'>fulvus</span> <span class='ocrx_word' id='word_1_186' title='bbox 850 1872 962 1914; x_wconf 87' lang='lat' dir='ltr'>Iovis</span> <span class='ocrx_word' id='word_1_187' title='bbox 989 1873 1073 1914; x_wconf 88' lang='lat' dir='ltr'>ales</span> <span class='ocrx_word' id='word_1_188' title='bbox 1098 1873 1140 1913; x_wconf 90' lang='lat' dir='ltr'>in</span> <span class='ocrx_word' id='word_1_189' title='bbox 1166 1872 1310 1914; x_wconf 88' lang='lat' dir='ltr'>aethra</span> 
     </span>
     <span class='ocr_line' id='line_1_34' title="bbox 163 1934 1180 1989; baseline 0.001 -14"><span class='ocrx_word' id='word_1_190' title='bbox 163 1935 331 1976; x_wconf 88' lang='lat' dir='ltr'>litoreas</span> <span class='ocrx_word' id='word_1_191' title='bbox 357 1934 544 1989; x_wconf 81' lang='lat' dir='ltr'>agitabat</span> <span class='ocrx_word' id='word_1_192' title='bbox 569 1949 667 1976; x_wconf 89' lang='lat' dir='ltr'>aves</span> <span class='ocrx_word' id='word_1_193' title='bbox 692 1935 939 1989; x_wconf 86' lang='lat' dir='ltr'>turbamque</span> <span class='ocrx_word' id='word_1_194' title='bbox 965 1943 1180 1977; x_wconf 87' lang='lat' dir='ltr'>sonantem</span> 
     </span>
     <span class='ocr_line' id='line_1_35' title="bbox 161 1997 1208 2053; baseline 0.001 -15"><span class='ocrx_word' id='word_1_195' title='bbox 161 1997 339 2052; x_wconf 88' lang='lat' dir='ltr'>agminis</span> <span class='ocrx_word' id='word_1_196' title='bbox 365 1997 523 2052; x_wconf 82' lang='lat' dir='ltr'>aligeri,</span> <span class='ocrx_word' id='word_1_197' title='bbox 549 1997 686 2038; x_wconf 87' lang='lat' dir='ltr'>subito</span> <span class='ocrx_word' id='word_1_198' title='bbox 711 2012 807 2038; x_wconf 88' lang='lat' dir='ltr'>cum</span> <span class='ocrx_word' id='word_1_199' title='bbox 831 1998 972 2053; x_wconf 88' lang='lat' dir='ltr'>lapsus</span> <span class='ocrx_word' id='word_1_200' title='bbox 998 1999 1052 2040; x_wconf 89' lang='lat' dir='ltr'>ad</span> <span class='ocrx_word' id='word_1_201' title='bbox 1075 1998 1208 2040; x_wconf 87' lang='lat' dir='ltr'>undas</span> 
     </span>
     <span class='ocr_line' id='line_1_36' title="bbox 162 2060 1350 2117; baseline 0.001 -15"><span class='ocrx_word' id='word_1_202' title='bbox 162 2075 340 2116; x_wconf 88' lang='lat' dir='ltr'>cycnum</span> <span class='ocrx_word' id='word_1_203' title='bbox 366 2061 638 2101; x_wconf 84' lang='lat' dir='ltr'>excellentem</span> <span class='ocrx_word' id='word_1_204' title='bbox 663 2060 840 2116; x_wconf 89' lang='lat' dir='ltr'>pedibus</span> <span class='ocrx_word' id='word_1_205' title='bbox 865 2061 972 2116; x_wconf 86' lang='lat' dir='ltr'>rapit</span> <span class='ocrx_word' id='word_1_206' title='bbox 996 2061 1196 2117; x_wconf 89' lang='lat' dir='ltr'>inprobus</span> <span class='ocrx_word' id='word_1_207' title='bbox 1221 2061 1350 2104; x_wconf 89' lang='lat' dir='ltr'>uncis.</span> 
     </span>
     <span class='ocr_line' id='line_1_37' title="bbox 162 2124 1157 2179; baseline 0.002 -15"><span class='ocrx_word' id='word_1_208' title='bbox 162 2138 352 2165; x_wconf 86' lang='lat' dir='ltr'>arrexere</span> <span class='ocrx_word' id='word_1_209' title='bbox 378 2124 538 2164; x_wconf 89' lang='lat' dir='ltr'>animos</span> <span class='ocrx_word' id='word_1_210' title='bbox 563 2124 659 2164; x_wconf 88' lang='lat' dir='ltr'>Itali</span> <span class='ocrx_word' id='word_1_211' title='bbox 685 2130 942 2179; x_wconf 84' lang='lat' dir='ltr'>cunctaeque</span> <span class='ocrx_word' id='word_1_212' title='bbox 967 2125 1157 2167; x_wconf 88' lang='lat' dir='ltr'>volucres</span> 
     </span>
     <span class='ocr_line' id='line_1_38' title="bbox 161 2186 1149 2242; baseline 0.002 -15"><span class='ocrx_word' id='word_1_213' title='bbox 161 2193 409 2228; x_wconf 87' lang='lat' dir='ltr'>convertunt</span> <span class='ocrx_word' id='word_1_214' title='bbox 435 2187 614 2227; x_wconf 88' lang='lat' dir='ltr'>clamore</span> <span class='ocrx_word' id='word_1_215' title='bbox 639 2186 784 2242; x_wconf 87' lang='lat' dir='ltr'>fugam</span> <span class='ocrx_word' id='word_1_216' title='bbox 810 2187 1015 2239; x_wconf 87' lang='lat' dir='ltr'>(mirabile</span> <span class='ocrx_word' id='word_1_217' title='bbox 1040 2188 1149 2241; x_wconf 88' lang='lat' dir='ltr'>visu)</span> 
     </span>
     <span class='ocr_line' id='line_1_39' title="bbox 161 2248 1343 2306; baseline 0.003 -17"><span class='ocrx_word' id='word_1_218' title='bbox 161 2248 412 2302; x_wconf 87' lang='lat' dir='ltr'>aetheraque</span> <span class='ocrx_word' id='word_1_219' title='bbox 437 2248 665 2290; x_wconf 88' lang='lat' dir='ltr'>obscurant</span> <span class='ocrx_word' id='word_1_220' title='bbox 689 2249 827 2304; x_wconf 89' lang='lat' dir='ltr'>pinnis</span> <span class='ocrx_word' id='word_1_221' title='bbox 852 2250 1098 2304; x_wconf 88' lang='lat' dir='ltr'>hostemque</span> <span class='ocrx_word' id='word_1_222' title='bbox 1123 2265 1197 2306; x_wconf 88' lang='lat' dir='ltr'>per</span> <span class='ocrx_word' id='word_1_223' title='bbox 1221 2265 1343 2292; x_wconf 83' lang='lat' dir='ltr'>auras</span> 
     </span>
     <span class='ocr_line' id='line_1_40' title="bbox 160 2311 1201 2367; baseline 0.001 -15"><span class='ocrx_word' id='word_1_224' title='bbox 160 2311 272 2353; x_wconf 86' lang='lat' dir='ltr'>facta</span> <span class='ocrx_word' id='word_1_225' title='bbox 295 2311 407 2352; x_wconf 90' lang='lat' dir='ltr'>nube</span> <span class='ocrx_word' id='word_1_226' title='bbox 431 2318 639 2366; x_wconf 87' lang='lat' dir='ltr'>premunt,</span> <span class='ocrx_word' id='word_1_227' title='bbox 665 2311 798 2353; x_wconf 85' lang='lat' dir='ltr'>donec</span> <span class='ocrx_word' id='word_1_228' title='bbox 822 2312 864 2353; x_wconf 90' lang='lat' dir='ltr'>vi</span> <span class='ocrx_word' id='word_1_229' title='bbox 888 2312 1022 2354; x_wconf 89' lang='lat' dir='ltr'>victus</span> <span class='ocrx_word' id='word_1_230' title='bbox 1047 2320 1088 2354; x_wconf 87' lang='lat' dir='ltr'>et</span> <span class='ocrx_word' id='word_1_231' title='bbox 1111 2313 1201 2367; x_wconf 88' lang='lat' dir='ltr'>ipso</span> 
     </span>
     <span class='ocr_line' id='line_1_41' title="bbox 162 2373 1254 2430; baseline 0.002 -16"><span class='ocrx_word' id='word_1_232' title='bbox 162 2373 345 2429; x_wconf 86' lang='lat' dir='ltr'>pondere</span> <span class='ocrx_word' id='word_1_233' title='bbox 371 2373 524 2415; x_wconf 86' lang='lat' dir='ltr'>defecit</span> <span class='ocrx_word' id='word_1_234' title='bbox 546 2374 830 2429; x_wconf 87' lang='lat' dir='ltr'>praedamque</span> <span class='ocrx_word' id='word_1_235' title='bbox 855 2390 906 2416; x_wconf 87' lang='lat' dir='ltr'>ex</span> <span class='ocrx_word' id='word_1_236' title='bbox 931 2375 1143 2430; x_wconf 87' lang='lat' dir='ltr'>unguibus</span> <span class='ocrx_word' id='word_1_237' title='bbox 1169 2375 1254 2417; x_wconf 89' lang='lat' dir='ltr'>ales</span> 
     </span>
     <span class='ocr_line' id='line_1_42' title="bbox 161 2436 1140 2493; baseline 0.003 -17"><span class='ocrx_word' id='word_1_238' title='bbox 161 2436 333 2492; x_wconf 87' lang='lat' dir='ltr'>proiecit</span> <span class='ocrx_word' id='word_1_239' title='bbox 359 2437 486 2477; x_wconf 89' lang='lat' dir='ltr'>fluvio</span> <span class='ocrx_word' id='word_1_240' title='bbox 511 2436 760 2492; x_wconf 86' lang='lat' dir='ltr'>penitusque</span> <span class='ocrx_word' id='word_1_241' title='bbox 785 2437 827 2478; x_wconf 89' lang='lat' dir='ltr'>in</span> <span class='ocrx_word' id='word_1_242' title='bbox 852 2438 996 2479; x_wconf 91' lang='lat' dir='ltr'>nubila</span> <span class='ocrx_word' id='word_1_243' title='bbox 1019 2438 1140 2493; x_wconf 85' lang='lat' dir='ltr'>fugit.</span> 
     </span>
    </p>

    <p class='ocr_par' dir='ltr' id='par_1_18' title="bbox 163 2500 1364 2681">
     <span class='ocr_line' id='line_1_43' title="bbox 163 2500 1204 2554; baseline 0.002 -15"><span class='ocrx_word' id='word_1_244' title='bbox 163 2506 252 2540; x_wconf 90' lang='lat' dir='ltr'>tum</span> <span class='ocrx_word' id='word_1_245' title='bbox 277 2513 374 2540; x_wconf 85' lang='lat' dir='ltr'>vero</span> <span class='ocrx_word' id='word_1_246' title='bbox 399 2500 621 2554; x_wconf 89' lang='lat' dir='ltr'>augurium</span> <span class='ocrx_word' id='word_1_247' title='bbox 646 2500 792 2541; x_wconf 84' lang='lat' dir='ltr'>Rutuli</span> <span class='ocrx_word' id='word_1_248' title='bbox 818 2501 997 2542; x_wconf 88' lang='lat' dir='ltr'>clamore</span> <span class='ocrx_word' id='word_1_249' title='bbox 1023 2501 1204 2542; x_wconf 87' lang='lat' dir='ltr'>salutant.</span> 
     </span>
     <span class='ocr_line' id='line_1_44' title="bbox 165 2561 1364 2620; baseline 0.002 -17"><span class='ocrx_word' id='word_1_250' title='bbox 165 2561 477 2616; x_wconf 83' lang='lat' dir='ltr'>expediuntque</span> <span class='ocrx_word' id='word_1_251' title='bbox 503 2577 663 2612; x_wconf 86' lang='lat' dir='ltr'>manus,</span> <span class='ocrx_word' id='word_1_252' title='bbox 689 2563 931 2618; x_wconf 87' lang='lat' dir='ltr'>primusque</span> <span class='ocrx_word' id='word_1_253' title='bbox 956 2563 1204 2605; x_wconf 87' lang='lat' dir='ltr'>Tolumnius</span> <span class='ocrx_word' id='word_1_254' title='bbox 1230 2579 1364 2620; x_wconf 83' lang='lat' dir='ltr'>augur</span> 
     </span>
     <span class='ocr_line' id='line_1_45' title="bbox 164 2623 1291 2681; baseline 0.003 -16"><span class='ocrx_word' id='word_1_255' title='bbox 164 2623 264 2666; x_wconf 88' lang='lat' dir='ltr'>‘hoc</span> <span class='ocrx_word' id='word_1_256' title='bbox 290 2631 390 2675; x_wconf 84' lang='lat' dir='ltr'>erat,</span> <span class='ocrx_word' id='word_1_257' title='bbox 416 2624 508 2674; x_wconf 86' lang='lat' dir='ltr'>hoc,</span> <span class='ocrx_word' id='word_1_258' title='bbox 534 2624 659 2666; x_wconf 84' lang='lat' dir='ltr'>votis&#39;</span> <span class='ocrx_word' id='word_1_259' title='bbox 685 2625 820 2680; x_wconf 85' lang='lat' dir='ltr'>inquit</span> <span class='ocrx_word' id='word_1_260' title='bbox 845 2626 975 2680; x_wconf 87' lang='lat' dir='ltr'>‘quod</span> <span class='ocrx_word' id='word_1_261' title='bbox 1000 2641 1124 2681; x_wconf 86' lang='lat' dir='ltr'>saepe</span> <span class='ocrx_word' id='word_1_262' title='bbox 1149 2626 1291 2681; x_wconf 86' lang='lat' dir='ltr'>petivi.</span> 
     </span>
    </p>
   </div>
   <div class='ocr_carea' id='block_1_8' title="bbox 1592 0 1628 1002">
    <p class='ocr_par' dir='ltr' id='par_1_19' title="bbox 1592 0 1628 1002">
     <span class='ocr_line' id='line_1_46' title="bbox 1592 0 1628 1002; baseline 0 0"><span class='ocrx_word' id='word_1_263' title='bbox 1592 0 1628 1002; x_wconf 95' lang='lat' dir='ltr'> </span> 
     </span>
    </p>
   </div>
   <div class='ocr_carea' id='block_1_9' title="bbox 1625 1018 1628 2376">
    <p class='ocr_par' dir='ltr' id='par_1_20' title="bbox 1625 1018 1628 2376">
     <span class='ocr_line' id='line_1_47' title="bbox 1625 1018 1628 2376; baseline 0 0"><span class='ocrx_word' id='word_1_264' title='bbox 1625 1018 1628 2376; x_wconf 95' lang='lat' dir='ltr'> </span> 
     </span>
    </p>
   </div>
  </div>
 </body>
</html>
