1660 2847
536 139 789 177 AENEIDOS
813 139 909 174 LIB.
932 139 1001 175 IX.
1361 129 1443 172 253

103 251 145 288 at
169 244 340 294 Caesar,
364 244 515 300 triplici
538 244 726 285 invectus
752 243 942 285 Romana
965 241 1174 297 triumpho

103 308 278 356 moenia,
304 306 505 361 diskItalis
530 311 674 347 votum
696 305 914 346 inmortale
939 305 1141 353 sacrabat,
1469 312 1533 344 715

102 370 284 410 maxima
306 375 535 410 tercentum
559 373 690 408 totam
714 367 888 408 delubra
911 381 986 421 per
1009 367 1169 408 urbem.

102 431 257 473 laetitia
279 430 472 483 ludisque
496 430 587 470 viae
612 430 846 484 plausuque
870 428 1121 477 fremebant3

103 493 293 534 omnibus
316 492 359 533 in
383 491 546 546 templis
572 498 751 532 matrum
776 489 940 538 chorus,
965 490 1158 531 omnibus
1183 504 1298 539 arae3

103 561 197 596 ante
221 569 313 595 aras
336 562 488 596 terram
513 553 623 595 caesi
648 559 831 594 stravere
855 552 1032 593 iuvenci.

101 617 202 671 ipse,
228 615 374 657 sedens
399 616 520 657 niveo
546 615 759 656 candentis
784 614 925 655 limine
949 613 1127 663 Phoebi,
1470 623 1534 654 720

102 679 210 719 dona
232 677 491 732 recognoscit
513 677 763 732 populorum
787 683 984 731 aptatque
1009 675 1198 731 superbis

101 739 307 794 postibus3
331 739 530 781 incedunt
553 739 686 779 victae
710 738 836 793 longo
862 737 1005 779 ordine
1029 744 1190 793 gentes,

101 816 226 855 quam
251 801 388 842 variae
413 801 579 856 linguis,
604 800 750 841 habitu
775 806 859 841 tam
884 799 1010 841 vestis
1035 806 1077 841 et
1102 799 1239 841 armis.

99 863 167 904 hic
190 863 429 904 Nomadum
453 877 586 918 genus
612 869 653 904 et
678 861 898 903 discinctos
923 862 1135 903 Mulciber
1159 861 1304 910 Afros,

99 925 166 966 hic
190 925 372 980 Lelegas
399 923 615 978 Carasque
639 923 973 979 sagittiferosque
1001 923 1185 965 Gelonos
1471 934 1533 964 725

98 987 286 1036 finxerat,
311 986 548 1042 Euphrates
573 986 660 1027 ibat
684 986 767 1027 iam
791 986 952 1027 mollior
975 986 1112 1035 undis,

100 1049 354 1102 extremique
378 1049 593 1090 hominum
616 1048 772 1089 Morini
797 1048 1054 1102 Rhenusque
1079 1047 1259 1089 bicornis

98 1111 369 1164 indomitique
394 1110 543 1151 Dahae
569 1117 610 1151 et
633 1117 802 1164 pontem
826 1109 1067 1164 indignatus
1093 1110 1271 1151 Araxes.

98 1173 196 1213 talia
219 1187 293 1227 per
317 1172 494 1227 clipeum
520 1171 708 1220 Volcani,
735 1171 844 1212 dona
869 1171 1064 1226 parentis,

98 1235 270 1275 miratur
293 1247 516 1287 rerumque
539 1234 710 1289 ignarus
735 1233 917 1287 imagine
940 1233 1111 1288 gaudet,
1470 1243 1533 1274 730

98 1297 287 1339 attollens
312 1310 455 1338 umero
481 1296 720 1349 famamque
745 1302 787 1337 et
810 1296 896 1336 fata
920 1303 1132 1350 nepotum.

521 1581 1013 1635 AENEIDOS

622 1731 813 1769 LIBER
843 1731 916 1769 IX.

150 1855 292 1908 Atque
318 1868 366 1894 ea
391 1852 554 1894 diversa
578 1852 742 1907 penitus
769 1852 867 1893 dum
892 1859 1009 1907 parte
1035 1860 1249 1908 geruntur,

93 1916 194 1958 Irim
220 1917 270 1957 de
296 1916 409 1957 caelo
434 1915 543 1956 misit
570 1915 768 1957 Saturnia
792 1915 898 1955 Iuno

95 1979 297 2020 audacem
321 1978 374 2019 ad
398 1978 601 2018 Turnum.
648 1978 742 2018 luco
767 1984 855 2018 tum
879 1977 985 2018 forte
1009 1978 1192 2032 parentis

94 2041 279 2083 Pilumni
303 2041 470 2081 Turnus
495 2046 655 2080 sacrata
680 2040 786 2080 valle
811 2039 995 2080 sedebat.

96 2104 149 2145 ad
172 2118 296 2157 quem
321 2103 379 2144 sic
402 2116 520 2143 roseo
546 2101 845 2142 Thaumantias
872 2116 941 2142 ore
964 2102 1103 2142 locuta
1128 2109 1208 2144 est:
1487 2117 1507 2147 5

96 2167 270 2215 ‘Turne‚
296 2164 407 2219 quod
431 2164 590 2219 optanti
615 2164 757 2204 divum
781 2164 1021 2218 promittere
1045 2179 1167 2206 nemo

96 2228 279 2277 auderet,
304 2226 509 2268 volvenda
533 2226 620 2267 dies
647 2241 697 2267 en
722 2226 859 2266 attulit
882 2226 1002 2266 ultro.

95 2292 262 2332 Aeneas
286 2289 389 2330 urbe
414 2296 454 2330 et
480 2288 601 2329 sociis
627 2295 665 2330 et
692 2289 822 2329 classe
847 2288 988 2329 relicta

96 2359 258 2408 sceptra
280 2351 461 2392 Palatini
486 2351 711 2404 sedemque
735 2351 838 2405 petit
862 2350 1064 2391 Euandri.

95 2429 172 2457 nec
198 2414 313 2456 satis:
341 2420 546 2455 extremas
573 2412 748 2467 Corythi
772 2413 1005 2468 penetravit
1028 2412 1081 2454 ad
1105 2413 1229 2455 urbes
1465 2428 1505 2458 10

96 2477 396 2531 Lydorumque
419 2491 589 2517 manum
616 2475 809 2516 collectos
834 2482 966 2516 armat
992 2476 1179 2530 agrestis.

97 2539 197 2592 quid
222 2538 411 2579 dubitas?
435 2553 544 2579 nunc
569 2546 732 2592 tempus
759 2551 900 2590 equos,
925 2552 1037 2578 nunc
1062 2552 1232 2592 poscere
1257 2553 1414 2581 currus.

97 2616 242 2657 rumpe
266 2615 402 2642 moras
427 2601 557 2642 omnis
584 2608 623 2643 et
648 2601 813 2641 turbata
837 2600 971 2656 arripe
997 2601 1155 2643 castra?
