1622 2847
482 146 775 185 GEORGICON
797 147 893 182 LIB.
918 147 986 184 IV.

58 253 161 295 dixit
186 260 225 295 et
250 269 301 295 ex
326 252 456 294 oculis
482 252 631 301 subito,
658 266 735 294 ceu
759 251 901 293 fumus
924 252 968 293 in
992 266 1114 293 auras

58 316 306 358 commixtus
331 314 480 364 tenuis,
505 314 615 370 fugit
639 314 814 363 diversa,
840 328 976 368 neque
1000 314 1118 354 illum

55 386 320 433 prensantem
344 377 598 431 nequiquam
621 377 790 418 umbras
816 383 856 418 et
880 369 1012 418 multa
1036 377 1245 418 volentem

56 440 192 482 dicere
215 448 428 495 praeterea
452 439 570 488 vidit,
595 453 672 480 nec
696 438 870 494 portitor
896 436 998 479 Orci

55 502 232 557 amplius
258 501 463 543 obiectam
487 516 633 556 passus
659 500 833 542 transire
857 501 1066 555 paludem.

55 564 156 618 quid
181 564 361 605 faceret?
386 577 468 617 quo
494 578 538 605 se
563 571 682 617 rapta
708 563 769 604 bis
796 563 973 617 coniuge
997 563 1146 604 ferret?

55 640 136 679 quo
162 626 260 667 fletu
284 625 430 674 manis,
457 640 541 679 qua
563 624 735 666 numina
760 639 862 666 voce
887 626 1098 666 moveret?

53 688 124 729 illa
147 688 315 741 quidem
341 687 490 742 Stygia
514 687 641 728 nabat
666 687 748 728 iam
774 687 926 742 frigida
951 687 1116 728 cumba.

53 758 212 805 septem
236 750 354 791 illum
379 757 486 791 totos
511 749 730 805 perhibent
756 765 807 790 ex
833 749 977 791 ordine
1002 764 1165 791 menses

51 827 155 867 rupe
181 812 258 853 sub
284 812 395 853 aeria
420 812 571 854 deserti
596 812 649 852 ad
676 811 912 866 Strymonis
937 812 1093 853 undam

53 874 217 916 flevisse
244 882 284 915 et
308 874 456 929 gelidis
483 874 586 916 haec
612 874 816 916 evolvisse
842 874 920 915 sub
945 874 1087 923 antris,

51 937 302 978 mulcentem
327 936 444 992 tigris
470 944 510 978 et
535 944 728 991 agentem
754 936 935 978 carmine
961 951 1152 991 quercus,

52 999 185 1052 qualis
209 998 390 1054 populea
414 1014 602 1040 maerens
628 999 853 1054 philomela
878 999 956 1040 sub
981 999 1131 1041 umbra

51 1061 224 1102 amissos
249 1061 437 1114 queritur
460 1061 584 1108 fetus,
610 1075 714 1114 quos
740 1061 868 1102 durus
894 1069 1030 1102 arator

50 1124 275 1165 observans
300 1123 398 1164 nido
421 1123 619 1178 inplumis
646 1123 844 1172 detraxit3
870 1132 911 1165 at
935 1124 1008 1165 illa

49 1185 120 1227 flet
142 1196 306 1227 noctem
330 1199 529 1239 ramoque
555 1186 704 1227 sedens
729 1186 965 1228 miserabile
991 1201 1158 1228 carmen

49 1247 229 1303 integrat
255 1255 295 1288 et
318 1248 487 1289 maestis
512 1248 594 1289 late
618 1248 712 1289 loca
737 1248 953 1302 questibus
977 1249 1134 1304 implet.

49 1311 165 1351 nulla
189 1310 348 1358 Venus,
375 1323 458 1350 non
483 1310 557 1350 ulli
582 1310 767 1351 animum
792 1311 944 1352 flexere
969 1311 1202 1365 hymenaei.

49 1373 161 1413 solus
187 1372 484 1427 Hyperboreas
510 1372 666 1428 glacies
691 1372 953 1426 Tanaimque
977 1374 1158 1415 nivalem

49 1449 230 1488 arvaque
256 1434 456 1489 Rhipaeis
480 1449 712 1489 numquam
737 1435 908 1476 viduata
932 1436 1090 1491 pruinis

48 1497 264 1546 lustrabat,
289 1504 451 1552 raptam
476 1496 717 1552 Eurydicen
743 1505 868 1552 atque
892 1498 1014 1539 inrita
1038 1498 1150 1539 Ditis

49 1559 158 1600 dona
182 1574 360 1613 querens
368 1576 379 1608 3
406 1567 568 1614 spretae
595 1559 800 1602 Ciconum
824 1575 907 1614 quo
932 1576 1103 1603 munere
1128 1568 1280 1603 matres

47 1622 155 1663 inter
179 1636 296 1663 sacra
321 1622 445 1663 deum
470 1623 745 1676 nocturnique
772 1623 889 1678 orgia
912 1624 1071 1665 Bacchi

49 1685 302 1739 discerptum
326 1685 429 1725 latos
453 1685 648 1726 iuvenem
673 1701 861 1740 sparsere
885 1701 960 1741 per
985 1701 1120 1742 agros.

47 1754 136 1788 tum
160 1761 327 1801 quoque
351 1762 583 1788 marmorea
609 1757 732 1802 caput
758 1764 782 1789 a
807 1749 969 1790 cervice
993 1749 1208 1790 revulsum

47 1810 212 1865 gurgite
237 1824 333 1850 cum
356 1809 493 1850 medio
519 1818 687 1865 portans
716 1808 925 1866 Oeagrius
952 1811 1121 1853 Hebrus

48 1872 246 1920 volveret,
272 1871 514 1926 Eurydicen
539 1886 621 1913 vox
645 1873 736 1928 ipsa
760 1882 800 1914 et
824 1873 978 1928 frigida
1002 1874 1160 1929 lingua,

48 1933 100 1975 ah
125 1934 320 1975 miseram
343 1934 586 1989 Eurydicen
611 1935 750 1976 anima
773 1935 961 1991 fugiente
986 1937 1178 1985 vocabat,

48 1995 285 2047 Eurydicen
309 2004 395 2038 toto
420 1997 657 2038 referebant
682 1998 852 2039 flumine
876 1998 1018 2053 ripae.’

47 2058 151 2100 haec
173 2058 367 2108 Proteus,
394 2066 434 2101 et
459 2074 503 2100 se
532 2059 644 2100 iaetu
670 2060 784 2101 dedit
809 2074 965 2114 aequor
988 2061 1031 2101 in
1056 2062 1200 2111 altum,

47 2135 212 2176 quaque
237 2121 362 2170 dedit,
389 2129 651 2176 spumantem
675 2122 832 2163 undam
858 2123 936 2163 sub
961 2124 1114 2165 vertice
1138 2123 1270 2166 torsit.

102 2184 163 2224 At
187 2198 270 2225 non
295 2183 461 2239 Cyrene
470 2201 480 2233 3
505 2199 686 2239 namque
711 2186 819 2226 ultro
845 2185 986 2227 adfata
1011 2186 1244 2228 timentem:

48 2250 176 2295 ‘nate‚
201 2247 298 2287 licet
320 2247 446 2287 tristis
472 2246 610 2288 animo
635 2247 844 2302 deponere
869 2263 1003 2289 curas.

47 2308 150 2349 haec
175 2308 307 2349 omnis
331 2309 467 2350 morbi
491 2324 630 2359 causa,
655 2309 752 2351 hinc
776 2310 1011 2352 miserabile
1035 2311 1259 2367 nymphae,

48 2385 143 2411 cum
169 2370 318 2424 quibus
343 2371 414 2412 illa
438 2371 584 2413 choros
608 2372 711 2413 lucis
737 2372 921 2427 agitabat
946 2373 988 2414 in
1013 2373 1119 2423 altis,

49 2432 221 2473 exitium
246 2433 394 2474 misere
419 2434 581 2489 apibus.
630 2442 675 2475 tu
699 2450 874 2476 munera
898 2435 1076 2491 supplex

48 2495 171 2536 tende
196 2503 340 2549 petens
365 2510 511 2550 pacem
536 2503 577 2537 et
602 2496 734 2538 facilis
759 2512 957 2539 venerare
981 2513 1182 2553 napaeas3

47 2571 227 2610 namque
253 2557 412 2598 dabunt
435 2558 600 2599 veniam
625 2559 730 2600 votis
755 2559 922 2614 irasque
947 2561 1168 2602 remittent.

49 2618 122 2659 sed
145 2619 293 2660 modus
319 2620 467 2660 orandi
488 2620 560 2673 qui
585 2620 637 2662 sit
660 2621 774 2676 prius
800 2622 943 2664 ordine
969 2623 1118 2665 dicam.

1429 382 1494 414 500

1429 693 1494 725 505

1428 1006 1493 1037 510

1427 1319 1491 1350 515

1424 1631 1490 1663 520

1424 1943 1488 1975 525

1420 2258 1486 2288 530

1421 2570 1484 2600 535
