1622 2847
131 327 173 358 65

202 139 257 183 14
613 150 656 185 P.
676 147 887 187 VERGILI
909 149 1134 187 MARoMs

197 254 290 310 ipsa
313 260 462 296 sonant
486 254 674 296 arbusta:
700 253 816 303 deus,
841 254 943 296 deus
967 254 1049 304 ille,
1073 254 1289 298 Menalca!

199 317 254 359 sis
278 317 415 358 bonus
439 331 464 358 o
489 316 672 370 felixque
697 316 796 358 tuis!
823 331 875 358 en
898 324 1094 371 quattuor
1118 333 1228 360 aras:

199 394 296 422 ecce
321 380 426 421 duas
451 379 538 428 tibi,
564 378 750 434 Daphni,
777 379 879 420 duas
905 380 1051 421 altaria
1074 380 1262 423 Phoebo.

197 442 348 497 pocula
372 442 470 483 bina
494 455 602 482 novo
628 441 865 496 spumantia
889 442 995 484 lacte
1020 443 1240 496 quotannis

198 512 460 558 craterasque
487 504 590 544 duos
617 511 796 545 statuam
821 504 896 545 tibi
919 504 1086 559 pinguis
1111 506 1221 554 olivi,

165 567 168 571 ’
197 574 237 609 et
262 566 393 608 multo
418 566 460 607 in
484 565 628 621 primis
653 566 835 608 hilarans
861 567 1051 608 convivia
1075 567 1256 616 Baccho,

130 640 172 671 70

130 953 169 983 75

129 1268 171 1298 80

129 1580 170 1610 85

196 636 292 671 ante
317 629 470 678 focum,
497 628 532 669 si
555 628 688 683 frigus
714 628 802 677 erit,
829 629 862 670 si
887 629 1046 679 messis,
1071 629 1113 670 in
1137 630 1286 670 umbra

196 692 294 734 vina
316 705 474 732 novum
497 690 673 732 fundam
697 691 868 733 calathis
893 691 1064 732 Ariusia
1087 699 1243 732 nectar.

197 754 425 796 cantabunt
448 753 550 794 mihi
574 752 803 795 Damoetas
829 761 870 795 et
894 753 1071 808 Lyctius
1096 754 1262 809 Aegon,

197 816 386 858 saltantis
412 823 566 867 satyros
592 815 819 856 imitabitur
844 816 1165 870 Alphesiboeus.

196 880 300 921 haec
324 879 400 920 tibi
425 893 589 933 semper
614 885 747 927 erunt,
774 885 813 919 et
839 892 934 919 cum
959 878 1175 919 sollemnia
1200 884 1297 919 vota

195 942 417 984 reddemus
441 940 650 995 nymphis,
676 947 717 981 et
742 954 836 981 cum
861 940 1129 981 lustrabimus
1156 955 1291 995 agros.

196 1005 296 1046 dum
320 1004 420 1059 iuga
443 1003 595 1044 montis
621 1018 732 1057 aper,
758 1002 905 1043 fluvios
931 1002 1030 1043 dum
1055 1002 1178 1057 piscis
1205 1002 1373 1051 amabit,

196 1068 381 1120 dumque
405 1066 548 1120 thymo
573 1072 795 1120 pascentur
820 1081 931 1120 apes,
959 1066 1058 1106 dum
1083 1079 1174 1106 rore
1200 1065 1382 1113 cicadae,

197 1144 360 1184 semper
384 1128 516 1169 honos
540 1142 776 1181 nomenque
801 1134 921 1168 tuum
944 1127 1174 1180 laudesque
1198 1127 1440 1168 manebunt.

196 1200 242 1234 ut
266 1191 435 1233 Baccho
462 1189 703 1244 Cererique,
729 1190 805 1230 tibi
830 1190 888 1231 sic
913 1197 1010 1231 vota
1035 1189 1256 1243 quotannis

196 1253 403 1311 agricolae
429 1253 601 1301 facient3
627 1252 844 1293 damnabis
868 1259 914 1292 tu
938 1266 1106 1306 quoque
1131 1252 1251 1293 votis.

251 1318 342 1358 Mo.
375 1315 497 1367 Quae
522 1315 612 1365 tibi,
638 1329 745 1368 quae
769 1314 842 1355 tali
866 1314 1038 1355 reddam
1062 1329 1137 1369 pro
1163 1314 1344 1355 carmine
1370 1313 1502 1355 dona?

195 1396 293 1421 nam
316 1393 452 1433 neque
477 1393 544 1420 me
570 1385 732 1419 tantum
756 1377 959 1419 venientis
985 1376 1130 1418 sibilus
1156 1376 1284 1417 austri

195 1457 273 1484 nec
296 1456 494 1497 percussa
517 1441 662 1481 iuvant
685 1440 816 1481 fluctu
840 1447 924 1481 tam
950 1440 1071 1480 litora
1094 1454 1171 1481 nec
1194 1453 1302 1493 quae

197 1519 366 1547 saxosas
392 1504 499 1545 inter
523 1503 748 1544 decurrunt
772 1502 944 1543 fiumina
969 1502 1110 1543 valles.

196 1567 285 1609 Mn.
317 1567 413 1607 Hac
437 1573 477 1607 te
501 1580 576 1606 nos
601 1564 741 1620 fragili
766 1563 1013 1605 donabimus
1039 1571 1133 1606 ante
1159 1563 1306 1605 cicuta.

196 1631 300 1672 haec
323 1644 398 1670 nos
424 1628 672 1669 ‘formosum
698 1626 899 1681 Corydon
923 1627 1096 1668 ardebat
1120 1624 1317 1674 Alexim,’

195 1693 299 1734 haec
324 1691 471 1733 eadem
496 1690 637 1732 docuit
661 1689 819 1731 ‘cuium
845 1690 999 1744 pecus?
1025 1705 1078 1730 an
1102 1687 1345 1730 Meliboei?'

194 1755 286 1797 Mo.
319 1756 378 1796 At
403 1762 448 1795 tu
473 1768 589 1794 sume
615 1753 782 1807 pedum,
807 1752 934 1805 quod,
960 1767 1027 1793 me
1053 1766 1146 1793 cum
1173 1766 1296 1805 saepe
1321 1756 1498 1805 rogaret,

196 1833 279 1859 non
304 1817 397 1858 tulit
421 1816 653 1869 Antigenes
680 1817 737 1866 (et
762 1822 850 1855 erat
874 1822 961 1855 tum
987 1815 1138 1868 dignus
1164 1813 1326 1867 amari),

131 1894 173 1924 90
196 1881 425 1923 formosum
450 1878 619 1934 paribus
649 1877 768 1918 nodis
793 1884 917 1930 atque
942 1892 1050 1927 aere,
1076 1876 1284 1918 Menalca.

669 2081 961 2131 ECLOGA
990 2082 1072 2130 VI.

760 2201 981 2242 VARVs

253 2317 397 2359 Prima
423 2315 645 2370 Syracosio
671 2314 841 2369 dignata
866 2320 928 2355 est
951 2313 1093 2354 ludere
1120 2326 1241 2353 versu

198 2387 341 2423 nostra
363 2394 441 2420 nec
467 2377 631 2420 erubuit
655 2378 780 2419 silvas
805 2377 993 2418 habitare
1018 2376 1179 2416 Thalia.

200 2459 296 2486 cum
321 2456 513 2484 canerem
537 2455 657 2496 reges
683 2447 723 2482 et
747 2440 915 2495 proelia,
943 2437 1150 2493 Cynthius
1176 2452 1319 2479 aurem

199 2505 314 2547 vellit
338 2513 378 2545 et
403 2503 634 2544 admonuit:
662 2506 901 2557 ‘pastorem,
927 2500 1085 2555 Tityre,
1111 2499 1278 2554 pinguis

155 2583 174 2613 5
199 2582 370 2624 pascere
396 2573 557 2621 oportet
582 2565 684 2613 ovis,
711 2564 935 2606 deductum
961 2563 1096 2604 dicere
1121 2561 1315 2604 carmen?

199 2645 311 2673 nunc
337 2644 414 2685 ego
441 2631 636 2683 <namque
664 2642 787 2682 super
813 2626 885 2667 tibi
911 2633 1043 2674 erunt,
1069 2625 1140 2679 qui
1165 2625 1301 2666 dicere
1325 2623 1485 2673 laudes,

1616 223 1622 315 i

1612 318 1622 797 l
