1628 2847
509 124 761 162 AENEmos
784 124 882 159 LIB.
905 123 973 159 XI.
1333 112 1413 154 301

75 230 239 272 hastam
264 231 333 274 alii
356 230 604 286 galeamque
627 229 785 278 ferunt:
811 243 908 269 nam
933 234 1069 269 cetera
1092 226 1261 268 Turnus

76 294 211 335 victor
234 293 373 334 habet.
421 299 511 333 tum
535 299 693 333 maesta
715 291 898 346 phalanx
923 290 1158 343 Teucrique
1189 294 1419 343 sequuntur

74 355 364 410 Tyrrhenique
390 369 532 396 omnes
558 361 599 395 et
623 354 750 396 versis
775 353 964 394 Arcades
989 352 1126 393 armis.

73 424 295 473 postquam
324 416 456 458 omnis
481 417 605 471 longe
631 416 828 458 comitum
852 421 1111 469 processerat
1134 413 1249 463 ordo,

76 479 258 521 substitit
281 479 452 520 Aeneas
475 478 716 533 gemituque
741 477 844 518 haec
869 477 1028 517 addidit
1052 477 1153 517 alto:
1445 484 1486 515 95

75 545 170 583 ‘nos
195 541 295 582 alias
320 540 416 582 hinc
444 541 498 581 ad
521 541 713 582 lacrimas
738 539 883 581 eadem
908 539 1075 579 horrida
1098 537 1196 579 belli

74 603 160 644 fata
184 609 350 644 vocant:
376 603 490 644 salve
515 609 728 644 aeternum
753 601 866 648 mihi,
892 601 1072 641 maxime
1097 600 1231 650 Palla,

75 672 371 719 aeternumque
396 664 513 706 vale.'
561 679 639 706 nec
663 664 783 719 plura
808 663 958 705 effatus
985 663 1038 703 ad
1062 662 1166 703 altos

74 727 271 770 tendebat
294 742 434 769 muros
458 741 732 782 gressumque
756 726 799 767 in
824 732 960 767 castra
984 725 1157 766 ferebat.

129 789 304 844 Iamque
329 797 512 832 oratores
538 790 712 831 aderant
736 803 787 830 ex
810 788 915 830 urbe
938 787 1108 837 Latina,
1447 796 1511 827 100

73 851 199 893 velati
222 851 348 893 ramis
374 853 490 894 oleae
514 851 764 904 veniamque
788 857 1002 905 rogantes:

73 928 260 968 corpora,
285 929 359 969 per
383 929 551 969 campos
576 914 686 955 ferro
711 927 818 967 quae
843 913 937 953 fusa
961 912 1167 961 iacebant,

72 976 265 1018 redderet
288 992 336 1018 ac
360 977 519 1018 tumulo
544 976 697 1018 sineret
721 975 944 1016 succedere
970 982 1122 1023 terrae3

73 1039 232 1079 nullum
259 1054 354 1080 cum
378 1039 497 1080 victis
523 1045 733 1080 certamen
760 1044 800 1078 et
825 1037 992 1079 aethere
1018 1036 1165 1085 cassis;

72 1110 261 1156 parceret
284 1101 517 1156 hospitibus
542 1100 754 1154 quondam
779 1100 1014 1154 socerisque
1040 1099 1210 1140 vocatis.
1447 1107 1509 1138 105

73 1176 177 1216 quos
203 1163 336 1205 bonus
361 1164 529 1205 Aeneas
554 1163 668 1204 haud
692 1162 953 1217 aspernanda
977 1162 1184 1216 precantis

72 1226 336 1280 prosequitur
361 1226 482 1267 venia
508 1232 548 1267 et
572 1225 710 1267 verbis
734 1225 838 1265 haec
862 1224 1032 1279 insuper
1056 1224 1188 1264 addit:

74 1291 299 1341 ‘quaenam
323 1303 397 1330 vos
421 1295 535 1330 tanto
560 1288 726 1329 fortuna
749 1287 935 1342 indigna,
962 1287 1116 1335 Latini,

73 1349 278 1404 implicuit
299 1350 423 1400 bello,
450 1350 522 1404 qui
547 1364 621 1391 nos
647 1349 817 1404 fugiatis
843 1349 1022 1390 amicos?

73 1427 220 1467 pacem
245 1428 311 1454 me
336 1413 536 1454 exanimis
562 1419 604 1454 et
625 1412 776 1452 Blartis
803 1418 911 1453 sorte
936 1411 1162 1465 peremptis
1448 1417 1512 1449 110

74 1475 222 1516 oratis?
249 1475 442 1529 equidem
467 1483 506 1516 et
531 1474 635 1515 vivis
663 1473 889 1515 concedere
915 1473 1076 1514 vellem.

73 1552 151 1578 nec
175 1538 283 1586 veni,
309 1537 389 1578 nisi
413 1537 500 1578 fata
524 1537 664 1577 locum
689 1536 913 1589 sedemque
938 1535 1167 1584 dedissent3

72 1614 151 1640 nec
176 1599 330 1640 bellum
355 1614 451 1640 cum
476 1606 600 1654 gente
624 1612 742 1653 gero:
768 1613 841 1639 rex
866 1606 1007 1639 nostra
1030 1597 1198 1651 reliquit

73 1661 252 1716 hospitia
276 1668 317 1703 et
339 1661 473 1702 Turni
495 1661 633 1716 potius
660 1675 703 1702 se
729 1659 904 1701 credidit
929 1659 1066 1700 armis.

75 1724 247 1778 aequius
271 1723 368 1765 huic
392 1724 583 1764 Turnum
607 1723 745 1764 fuerat
768 1737 812 1763 se
838 1736 1048 1777 opponere
1073 1720 1210 1763 morti.
1448 1730 1511 1760 115

75 1785 109 1827 si
135 1786 289 1827 bellum
313 1785 430 1826 finire
454 1801 595 1833 manu,
622 1784 656 1825 si
680 1784 834 1839 pellere
859 1784 1045 1825 Teucros

75 1855 261 1903 apparat,
285 1848 348 1888 his
372 1862 537 1889 mecum
562 1847 701 1888 decuit
725 1861 970 1888 concurrere
995 1846 1105 1895 telis3

75 1911 200 1960 vixet,
226 1910 293 1951 cui
318 1909 444 1951 vitam
470 1910 570 1951 deus
595 1916 668 1950 aut
691 1924 767 1950 sua
791 1909 937 1950 dextra
962 1908 1155 1950 dedisset.

74 1987 186 2014 nunc
210 1972 266 2014 ite
290 1978 332 2014 et
354 1972 513 2013 miseris
538 1971 757 2026 supponite
783 1970 944 2011 civibus
969 1969 1137 2026 ignem.'

76 2035 237 2076 dixerat
259 2035 440 2076 Aeneas.
488 2034 546 2074 illi
571 2033 808 2088 obstipuere
833 2033 1000 2074 silentes
1449 2040 1512 2070 120

77 2097 346 2150 conversique
371 2096 512 2138 oculos
535 2096 643 2137 inter
668 2110 711 2136 se
735 2102 860 2149 atque
885 2110 958 2136 ora
983 2095 1194 2136 tenebant.

76 2166 163 2200 tum
190 2160 325 2200 senior
349 2172 596 2214 semperque
621 2157 724 2199 odiis
750 2165 790 2199 et
815 2157 985 2198 crimine
1010 2157 1200 2198 Drances

75 2222 263 2263 infensus
286 2221 428 2263 iuveni
451 2221 594 2262 Turno
620 2220 678 2261 sic
703 2234 772 2262 ore
797 2220 980 2261 vicissim

77 2299 171 2326 orsa
195 2283 338 2325 refert:
365 2289 407 2325 ‘o
432 2284 544 2324 fama
568 2284 729 2338 ingens,
753 2282 962 2338 ingentior
986 2281 1110 2323 armis

76 2346 140 2386 vir
164 2346 356 2395 Troiane,
381 2346 533 2400 quibus
558 2345 672 2387 caelo
697 2351 737 2386 te
760 2345 955 2386 laudibus
981 2344 1180 2398 aequem?
1449 2352 1511 2383 125

76 2408 310 2449 iustitiaene
335 2408 448 2463 prius
473 2408 597 2448 mirer
622 2407 771 2448 belline
795 2407 1010 2448 laborum?

78 2484 153 2511 nos
178 2485 275 2512 vero
299 2470 402 2512 haec
425 2471 602 2526 patriam
627 2469 734 2524 grati
759 2468 986 2510 referemus
1012 2469 1065 2510 ad
1089 2468 1234 2509 urbem

80 2539 121 2575 et
145 2540 197 2581 te,
223 2533 343 2587 siqua
367 2533 477 2574 viam
502 2532 661 2574 dederit
685 2532 864 2580 fortuna,
891 2531 1046 2572 Latino

78 2595 300 2653 iungemus
324 2596 426 2652 regi.
473 2601 646 2650 quaerat
670 2594 748 2636 sibi
772 2594 940 2636 foedera
965 2594 1146 2636 Turnus.
