1622 2847
480 117 772 155 GEORGICON
795 118 890 152 LIB.
916 118 983 153 1V.

58 222 126 264 hic
149 222 232 264 iam
256 224 483 279 galbaneos
507 223 693 264 suadebo
718 221 940 263 incendere
965 220 1112 262 odores

58 286 264 340 mellaque
289 285 557 327 harundineis
582 285 735 326 inferre
761 283 990 332 canalibus,
1016 284 1124 324 ultro

57 347 292 389 hortantem
316 355 357 390 et
381 348 512 389 fessas
538 348 592 388 ad
616 347 772 402 pabula
796 353 895 387 nota
919 352 1152 387 vocantem.

57 409 241 464 proderit
265 417 306 451 et
329 418 499 451 tunsum
523 410 660 464 gallae
685 408 913 450 admiscere
939 422 1131 463 saporem

59 472 294 526 arentisque
318 487 434 513 rosas
460 480 531 513 aut
555 472 643 526 igni
666 471 841 527 pinguia
866 471 996 511 multo

58 533 224 575 defruta
247 534 313 576 vel
336 534 489 589 psithia
513 549 657 589 passos
683 534 734 575 de
758 533 842 575 vite
866 547 1052 574 racemos

60 593 394 651 Cecropiumque
419 597 610 651 thymum
635 604 675 638 et
700 610 828 651 grave
853 595 1008 636 olentia
1033 601 1269 637 centaurea.

59 665 122 700 est
145 659 270 700 etiam
293 660 369 700 flos
394 659 436 700 in
460 659 602 714 pratis,
628 659 695 700 cui
719 673 872 699 nomen
897 657 1047 699 amello

58 720 196 762 fecere
221 721 442 776 agricolae,
468 721 602 763 facilis
627 721 924 775 quaerentibus
949 720 1099 769 herba3

59 797 239 837 namque
263 798 346 825 uno
370 784 584 839 ingentem
607 783 713 825 tollit
737 783 789 825 de
815 783 997 838 caespite
1023 783 1182 832 silvam,

0 897 1 900 Ἴ
60 860 210 887 aureus
234 846 336 901 ipse,
362 847 435 888 sed
458 847 501 887 in
525 846 650 896 foliis,
676 861 783 900 quae
808 846 989 901 plurima
1015 845 1173 886 circum

0 907 1 920 ¹
59 907 303 958 funduntur,
330 908 463 950 violae
488 909 679 951 sublucet
703 924 889 964 purpura
913 908 1076 963 nigrae3

61 985 184 1025 saepe
209 970 333 1012 deum
357 971 474 1012 nexis
500 979 669 1013 ornatae
694 971 912 1025 torquibus
938 986 1054 1019 arae3

60 1047 183 1087 asper
204 1033 249 1074 in
273 1048 342 1075 ore
367 1048 508 1088 sapor3
533 1033 662 1075 tonsis
686 1033 729 1074 in
753 1033 931 1074 vallibus
955 1033 1073 1073 illum

59 1103 246 1150 pastores
272 1103 312 1137 et
337 1111 464 1138 curva
488 1097 632 1151 legunt
657 1110 786 1151 prope
810 1095 983 1136 flumina
1008 1094 1184 1136 Mellae:

60 1157 184 1199 huius
209 1158 380 1199 odorato
405 1158 566 1200 radices
591 1159 768 1212 incoque
794 1157 964 1199 Baccho

60 1220 299 1275 pabulaque
323 1221 366 1261 in
390 1221 549 1262 foribus
574 1221 706 1276 plenis
733 1220 895 1275 adpone
920 1219 1120 1261 canistris.

118 1281 204 1324 Sed
229 1282 389 1336 siquem
414 1283 549 1337 proles
575 1283 711 1323 subito
737 1282 936 1324 defecerit
967 1281 1100 1323 omnis

59 1358 150 1393 nec,
175 1360 308 1399 genus
333 1345 445 1386 unde
469 1360 602 1386 novae
630 1345 767 1399 stirpis
793 1352 1023 1393 revocetur,
1050 1343 1234 1393 habebit,

60 1415 224 1462 tempus
250 1416 290 1449 et
313 1408 486 1449 Arcadii
509 1407 779 1449 memoranda
802 1407 971 1448 inventa
995 1406 1184 1460 magistri

59 1469 256 1524 pandere,
283 1484 449 1524 quoque
474 1470 597 1511 modo
623 1470 753 1512 caesis
778 1470 860 1510 iam
887 1484 1011 1524 saepe
1036 1468 1223 1510 iuvencis

60 1531 289 1574 insincerus
315 1548 413 1587 apes
438 1533 575 1574 tulerit
601 1547 732 1574 cruor.
781 1532 903 1573 altius
929 1547 1095 1572 omnem

62 1595 280 1649 expediam
304 1596 438 1650 prima
461 1603 653 1650 repetens
678 1595 731 1636 ab
756 1594 915 1649 origine
940 1595 1110 1635 famam.

61 1673 157 1698 nam
182 1672 265 1711 qua
288 1658 446 1699 Pellaei
471 1673 574 1713 gens
599 1658 811 1699 fortunata
837 1657 1000 1711 Canopi

63 1720 208 1761 accolit
233 1720 366 1761 effuso
392 1728 655 1776 stagnantem
679 1720 848 1761 flumine
872 1720 1016 1760 Nilum

62 1790 101 1824 et
127 1783 279 1824 circum
305 1783 426 1838 pictis
450 1783 614 1825 vehitur
639 1798 713 1824 sua
738 1798 835 1823 rura
860 1781 1054 1836 phaselis,

63 1859 228 1899 quaque
252 1845 513 1899 pharetratae
538 1845 691 1886 vicinia
714 1845 900 1885 Persidis
926 1852 1049 1898 urget

63 1914 104 1949 et
127 1907 303 1948 viridem
328 1908 572 1964 Aegyptum
598 1908 717 1963 nigra
741 1907 938 1948 fecundat
963 1906 1119 1948 harena

63 1977 104 2012 et
129 1970 291 2012 diversa
314 1985 439 2012 ruens
466 1978 624 2025 septem
651 1970 843 2011 discurrit
867 1969 910 2010 in
934 1984 1006 2010 ora

62 2047 195 2086 usque
220 2033 410 2074 coloratis
436 2033 568 2074 amnis
593 2033 778 2074 devexus
803 2032 855 2073 ab
881 2031 1009 2080 Indis,

64 2095 196 2136 omnis
220 2095 262 2135 in
285 2094 363 2136 hac
389 2103 543 2137 certam
565 2095 682 2150 regio
706 2094 803 2135 iacit
828 2100 914 2135 arte
939 2093 1128 2134 salutem.

65 2157 240 2212 exiguus
265 2157 445 2212 primum
470 2165 593 2211 atque
618 2157 730 2212 ipsos
755 2163 992 2198 contractus
1018 2155 1061 2196 in
1084 2170 1184 2196 usus

65 2220 231 2274 eligitur
254 2220 387 2261 locus:
414 2220 524 2261 hunc
550 2219 800 2275 angustique
824 2218 997 2259 imbrice
1022 2219 1119 2259 tecti

63 2281 372 2337 parietibusque
395 2289 589 2337 premunt
613 2281 710 2322 artis
736 2289 776 2322 et
801 2288 997 2335 quattuor
1021 2280 1192 2330 addunt,

65 2351 259 2398 quattuor
283 2359 307 2385 a
330 2345 462 2386 ventis
488 2345 658 2398 obliqua
682 2344 774 2385 luce
799 2343 1015 2385 fenestras.

65 2413 154 2447 tum
178 2405 332 2447 vitulus
357 2406 470 2448 bima
494 2421 672 2448 curvans
697 2405 780 2446 iam
807 2420 963 2447 cornua
987 2406 1124 2446 fronte

65 2469 297 2525 quaeritur:
323 2468 418 2510 huic
443 2469 634 2525 geminae
659 2483 779 2510 nares
806 2476 846 2509 et
870 2468 1038 2523 spiritus
1064 2468 1146 2509 oris

65 2532 196 2572 multa
219 2531 438 2572 reluctanti
462 2532 691 2573 obstruitur
714 2531 932 2586 plagisque
955 2537 1169 2586 perempto

66 2600 188 2635 tunsa
211 2608 285 2649 per
309 2594 513 2649 integram
537 2595 754 2636 solvuntur
778 2593 936 2636 viscera
961 2593 1123 2649 pellem.

1353 108 1405 150 79

1431 291 1495 321 265

1433 601 1498 632 270

1435 915 1499 945 275

1435 1226 1500 1258 280

1436 1538 1500 1569 285

1438 2163 1501 2194 295

1438 2475 1502 2506 300
