1622 2847
213 145 293 188 142
625 155 669 193 Ρ.
690 157 900 194 VERGILI
924 157 1101 196 MARON
1104 158 1150 196 IS

209 266 250 301 et
273 274 356 314 quo
380 275 588 315 quemque
613 261 737 302 modo
763 261 984 316 fugiasque
1008 262 1200 318 ferasque
1225 264 1423 317 laborem,

118 332 184 364 460
209 323 402 377 expediet
427 337 656 376 cursusque
682 323 798 364 dabit
821 331 1016 366 venerata
1041 327 1255 368 secundos.

207 384 310 426 haec
335 391 443 434 sunt,
468 399 575 439 quae
600 392 741 426 nostra
764 386 888 428 liceat
911 393 950 428 te
975 402 1076 430 voce
1101 389 1270 430 moneri.

207 447 312 488 vade
338 463 416 503 age
442 455 481 489 et
505 447 717 502 ingentem
740 448 860 490 factis
885 448 948 490 fer
973 450 1025 490 ad
1049 450 1216 492 aethera
1240 450 1436 492 Troiam.'

263 510 385 562 Quae
411 516 631 565 postquam
656 517 772 552 vates
798 512 856 552 sic
880 525 950 553 ore
975 512 1125 553 effatus
1150 513 1283 555 amico
1309 521 1383 563 est,

207 572 315 612 dona
340 572 488 613 dehinc
514 587 614 613 auro
639 573 784 627 gravia
808 580 1004 627 sectoque
1029 575 1249 629 elephanto

115 644 180 675 465
205 634 382 689 imperat
406 634 457 675 ad
482 635 600 675 navis
626 635 724 675 ferri
750 635 957 690 stipatque
982 637 1131 678 carinis

204 696 351 750 ingens
377 703 596 751 argentum
620 696 958 751 Dodonaeosque
983 698 1154 748 lebetas,

204 759 374 800 loricam
400 766 632 800 consertam
658 759 791 800 hamis
817 775 1000 814 auroque
1025 761 1198 802 trilicem

204 828 242 861 et
268 835 418 861 conum
443 821 615 875 insignis
640 821 786 875 galeae
811 822 1038 875 cristasque
1064 823 1279 871 comantis,

204 898 318 923 arma
342 882 617 937 Neoptolemi.
667 890 762 923 sunt
788 890 826 924 et
852 898 928 924 sua
952 883 1061 924 dona
1085 884 1257 939 parenti.

113 956 178 986 470
203 944 317 986 addit
342 959 470 997 equos
497 944 694 997 additque
720 945 866 993 duces3

201 1007 421 1061 remigium
446 1007 630 1061 supplet3
656 1007 789 1047 socios
815 1007 938 1048 simul
963 1007 1129 1048 instruit
1154 1008 1292 1050 armis.

258 1070 423 1110 Interea
448 1070 625 1110 classem
649 1069 752 1110 velis
778 1076 920 1123 aptare
946 1069 1118 1111 iubebat

201 1132 423 1180 Anchises,
450 1132 563 1172 fieret
590 1139 714 1171 vento
739 1146 855 1172 mora
878 1146 1015 1185 nequa
1040 1132 1200 1173 ferenti.

201 1210 325 1249 quem
350 1193 514 1235 Phoebi
539 1193 740 1248 interpres
767 1194 896 1234 multo
923 1195 1143 1248 compellat
1170 1195 1344 1237 honore:

110 1268 174 1299 475
201 1257 428 1311 ‘coniugio‚
454 1255 655 1304 Anchisa,
682 1256 859 1298 Veneris
885 1256 1053 1309 dignate
1079 1257 1272 1311 superbo,

201 1335 299 1361 cura
325 1320 462 1365 deum,
490 1319 551 1359 bis
576 1318 819 1372 Pergameis
845 1326 984 1372 erepte
1009 1318 1150 1366 ruinis,

202 1397 297 1423 ecce
323 1381 398 1422 tibi
423 1381 638 1422 Ausoniae
664 1381 784 1422 tellus
794 1397 804 1428 3
832 1380 938 1421 hanc
964 1381 1098 1435 arripe
1124 1381 1238 1422 velis.

201 1452 239 1486 et
266 1452 402 1485 tamen
427 1444 534 1483 hanc
560 1443 709 1497 pelago
735 1443 1039 1497 praeterlabare
1064 1458 1233 1484 necesse
1259 1449 1318 1483 est
1328 1459 1338 1492 3

201 1506 416 1547 Ausoniae
442 1520 536 1560 pars
562 1505 633 1545 illa
657 1506 814 1559 procul,
840 1519 966 1558 quam
992 1506 1138 1559 pandit
1161 1505 1330 1560 Apollo.

111 1582 176 1612 480
202 1569 325 1610 vade'
352 1569 421 1617 ait,
449 1572 491 1607 ‘o
517 1567 616 1608 felix
642 1567 727 1607 nati
752 1568 917 1622 pietate.
966 1567 1066 1620 quid
1090 1568 1198 1608 ultra

200 1632 406 1687 provehor
431 1638 468 1672 et
495 1631 621 1670 fando
647 1630 853 1685 surgentis
880 1630 1070 1671 demoror
1094 1630 1298 1671 austros?’

199 1711 276 1737 nec
302 1695 437 1735 minus
467 1693 773 1742 Andromache,
800 1693 989 1748 digressu
1015 1701 1172 1734 maesta
1197 1708 1403 1749 supremo,

201 1758 280 1799 fert
304 1757 529 1811 picturatas
555 1756 643 1796 auri
669 1756 901 1796 subtemine
928 1762 1062 1796 vestes

201 1828 242 1862 et
265 1819 495 1874 Phrygiam
522 1818 705 1859 Ascanio
732 1818 1006 1872 chlamydem,
1032 1832 1107 1858 nec
1133 1817 1242 1859 cedit
1267 1818 1426 1867 honori,

109 1896 174 1926 485
201 1883 495 1935 textilibusque
522 1888 664 1921 onerat
690 1881 807 1921 donis
834 1895 882 1921 ac
907 1881 1004 1921 talia
1029 1881 1158 1921 fatur:

200 1945 360 2000 ‘accipe
387 1952 427 1985 et
451 1944 572 1992 haec,
603 1958 802 1984 manuum
835 1943 909 1983 tibi
934 1957 1041 1996 quae
1067 1949 1336 1983 monumenta
1360 1957 1545 1984 mearum

200 2008 294 2056 sint,
320 2022 436 2062 puer,
465 2014 504 2047 et
528 2007 701 2060 longum
726 2006 1049 2046 Andromachae
1075 2012 1276 2046 testentur
1301 2019 1496 2054 amorem,

200 2069 388 2124 coniugis
414 2070 659 2109 Hectoreae.
709 2082 811 2121 cape
837 2067 945 2107 dona
970 2074 1155 2108 extrema
1179 2074 1359 2116 tuorum,

200 2147 223 2173 o
249 2131 350 2172 mihi
376 2131 463 2171 sola
487 2130 567 2171 mei
594 2144 718 2184 super
743 2129 1011 2183 Astyanactis
1037 2129 1187 2183 imago.

110 2207 174 2237 490
200 2194 258 2235 sic
282 2193 437 2240 oculos,
463 2192 521 2232 sic
545 2192 613 2232 illc
639 2206 799 2239 manus,
827 2190 884 2232 sic
909 2205 981 2231 ora
1005 2190 1182 2239 ferebat3

199 2264 240 2298 et
263 2270 373 2296 nunc
399 2255 563 2308 aequali
589 2261 725 2295 tecum
750 2254 996 2307 pubesceret
1020 2253 1147 2295 aev0.’

200 2319 275 2359 hos
301 2333 378 2372 ego
404 2317 637 2371 digrediens
662 2316 841 2357 lacrimis
867 2317 1042 2357 adfabar
1066 2316 1241 2357 obortis:

201 2381 346 2422 ‘vivite
370 2380 525 2427 felices,
552 2379 702 2432 quibus
729 2386 790 2419 est
815 2379 979 2419 fortuna
1004 2385 1171 2432 peracta

200 2444 283 2484 iam
309 2458 401 2491 sua3
427 2456 501 2482 nos
527 2442 608 2483 alia
632 2456 683 2482 ex
709 2441 797 2481 aliis
823 2441 863 2481 in
889 2441 974 2481 fata
997 2455 1208 2482 vocamur.

110 2517 174 2548 495
201 2506 319 2548 vobis
344 2512 461 2559 parta
486 2505 622 2558 quies;
648 2504 806 2544 nullum
833 2504 956 2544 maris
982 2517 1136 2555 aequor
1161 2502 1375 2552 arandum,

202 2583 302 2609 arva
326 2582 461 2620 neque
487 2567 700 2608 Ausoniae
726 2581 889 2620 semper
914 2565 1103 2606 cedentia
1127 2572 1236 2606 retro

202 2630 450 2687 quaerenda.
501 2630 683 2685 effigiem
709 2628 873 2670 Xanthi
898 2628 1151 2682 Troiamque
1178 2627 1339 2677 videtis,

1607 1798 1622 1847 ἢ,

1613 1854 1622 1925 ³:

1610 1936 1622 1991 ἰ

1612 1993 1622 2062 ξ
