1622 2847
517 141 810 180 GEORGICON
833 142 928 177 LIB.
954 141 1022 178 111.

99 248 222 290 molle
246 262 373 304 pecus
396 247 663 300 scabiemque
688 247 794 289 ferat
818 247 1032 302 turpisque
1055 247 1277 303 podagras.

99 318 193 365 post
216 310 312 352 hinc
337 309 547 365 digressus
573 310 696 351 iubeo
721 310 957 350 frondentia
982 310 1116 364 capris

99 373 249 413 arbuta
273 372 463 414 sufficere
491 380 530 413 et
554 371 702 412 fluvios
727 372 928 427 praebere
953 372 1131 414 recentis

99 442 139 475 et
163 434 326 475 stabula
350 450 374 476 a
399 434 533 475 ventis
558 433 732 474 hiberno
758 434 968 488 opponere
993 434 1069 475 soli

99 496 152 537 ad
176 496 358 538 medium
385 510 586 537 conversa
611 495 734 544 diem,
761 510 856 536 cum
880 495 1058 549 frigidus
1085 495 1184 537 olim

97 558 180 598 iam
206 558 316 599 cadit
342 565 611 611 extremoque
635 557 792 598 inrorat
816 558 1012 610 aquarius
1039 572 1162 599 anno.

97 619 201 661 haec
226 634 391 673 quoque
415 634 499 660 non
525 634 623 660 cura
647 619 767 660 nobis
793 619 947 660 leviore
973 620 1166 669 tuendae,

96 696 174 723 nec
198 683 333 723 minor
357 697 456 723 usus
482 681 571 730 erit,
598 681 789 735 quamvis
814 681 982 723 Milesia
1008 697 1161 737 magno

97 745 251 786 vellera
274 752 486 786 mutentur
512 744 662 798 Tyrios
688 744 849 784 incocta
874 743 1067 785 rubores:

97 806 262 847 densior
286 806 381 848 hinc
406 806 585 854 suboles,
611 806 706 846 hinc
731 806 838 860 largi
864 806 984 861 copia
1007 806 1124 847 lactis
1133 822 1143 855 3

97 883 223 922 quam
248 869 382 923 magis
408 868 610 909 exhausto
636 867 891 922 spumaverit
917 868 1046 910 ubere
1071 869 1260 918 mulctra,

95 931 204 972 laeta
227 930 361 985 magis
387 931 539 985 pressis
565 930 795 970 manabunt
819 930 992 971 flumina
1016 931 1220 972 mammis.

95 1008 173 1034 nec
196 994 334 1034 minus
358 993 516 1034 interea
540 992 693 1033 barbas
719 992 952 1046 incanaque
976 1000 1118 1034 menta

97 1054 294 1110 Cinyphii
319 1055 491 1096 tondent
517 1055 620 1096 hirci
646 1062 866 1108 saetasque
892 1056 1093 1096 comantis

96 1133 218 1159 usum
241 1118 283 1158 in
309 1126 538 1159 castrorum
564 1125 604 1158 et
628 1117 788 1158 miseris
815 1117 1023 1158 velamina
1047 1118 1197 1159 nautis.
1238 1139 1240 1141 >

94 1188 321 1236 pascuntur
344 1195 442 1222 vero
469 1180 594 1221 silvas
621 1187 661 1221 et
687 1194 850 1221 summa
875 1180 1035 1235 Lycaei

94 1243 381 1297 horrentisque
406 1242 533 1283 rubos
558 1249 598 1283 et
623 1242 800 1283 amantis
826 1242 956 1283 ardua
981 1243 1128 1284 dumos
1137 1259 1147 1292 3

94 1314 220 1359 atque
245 1305 359 1361 ipsae
385 1319 589 1346 memores
614 1305 789 1345 redeunt
814 1304 856 1345 in
881 1312 989 1346 tecta
1013 1319 1194 1359 suosque

95 1368 251 1409 ducunt
276 1376 317 1409 et
341 1367 515 1421 gravido
541 1374 738 1422 superant
763 1366 833 1407 vix
857 1366 985 1408 ubere
1010 1368 1148 1408 limen.

94 1445 193 1485 ergo
218 1430 331 1471 omni
355 1429 491 1470 studio
517 1429 694 1484 glaciem
720 1436 948 1482 ventosque
973 1429 1135 1479 nivalis,

94 1507 176 1546 quo
201 1492 335 1533 minor
360 1500 421 1534 est
445 1491 524 1532 illis
550 1506 672 1533 curae
697 1491 882 1532 mortalis
908 1499 1086 1546 egestas,

94 1562 253 1596 avertes
278 1554 517 1608 victumque
542 1554 650 1595 feres
676 1561 715 1595 et
740 1553 885 1608 virgea
908 1553 1043 1595 laetus

92 1617 259 1672 pabula,
285 1631 362 1658 nec
387 1624 473 1657 tota
497 1616 665 1657 claudes
689 1616 857 1658 faenilia
882 1616 1043 1657 bruma.

93 1687 135 1720 at
159 1693 256 1721 vero
282 1679 473 1733 zephyris
500 1693 595 1719 cum
620 1678 728 1719 laeta
753 1678 999 1719 vocantibus
1025 1685 1161 1720 aestas

92 1741 135 1782 in
159 1742 286 1782 saltus
312 1748 535 1794 utrumque
560 1755 732 1796 gregem
758 1748 883 1794 atque
908 1740 951 1781 in
976 1755 1133 1796 pascua
1156 1741 1303 1791 mittet,

93 1803 280 1845 Luciferi
305 1803 438 1858 primo
464 1818 558 1844 cum
585 1803 718 1844 sidere
742 1802 897 1858 frigida
921 1818 1019 1844 rura

93 1880 324 1921 carpamus,
351 1866 449 1906 dum
474 1880 595 1906 mane
620 1879 789 1914 novum,
815 1865 915 1906 dum
940 1865 1130 1921 gramina
1155 1873 1318 1916 canent,

93 1936 134 1969 et
157 1943 224 1969 ros
248 1927 290 1968 in
316 1936 456 1969 tenera
480 1928 620 1982 pecori
645 1927 904 1983 gratissimus
931 1927 1072 1970 herba.

91 1990 188 2032 inde
211 1990 282 2030 ubi
309 1999 455 2043 quarta
481 1990 589 2030 sitim
616 1990 719 2031 caeli
745 1989 957 2044 collegerit
982 1989 1084 2030 hora

93 2059 134 2093 et
158 2059 281 2093 cantu
306 2052 504 2105 querulae
529 2059 722 2106 rumpent
747 2051 918 2092 arbusta
943 2051 1125 2101 cicadae,

93 2114 146 2155 ad
169 2122 315 2169 puteos
341 2122 413 2154 aut
438 2113 521 2154 alta
546 2128 694 2168 greges
721 2113 773 2154 ad
799 2121 948 2169 stagna
972 2113 1113 2155 iubeto

93 2183 322 2218 currentem
347 2176 485 2231 ilignis
509 2184 653 2230 potare
679 2175 893 2217 canalibus
918 2175 1093 2225 undam3

93 2238 272 2279 aestibus
297 2245 338 2279 at
363 2238 508 2279 mediis
534 2238 772 2279 umbrosam
798 2237 1014 2291 exquirere
1038 2237 1202 2287 vallem,

93 2299 225 2341 sicubi
249 2315 401 2355 magna
425 2299 537 2340 Iovis
566 2300 734 2354 antiquo
758 2300 906 2341 robore
932 2314 1109 2354 quercus

93 2361 270 2417 ingentis
295 2362 436 2403 tendat
460 2376 596 2403 ramos
622 2369 694 2403 aut
719 2361 850 2404 sicubi
875 2362 1042 2416 nigrum

91 2424 253 2465 ilicibus
278 2425 431 2465 crebris
457 2439 574 2465 sacra
597 2439 745 2466 nemus
771 2424 944 2466 accubet
968 2424 1136 2473 umbra3

91 2493 180 2527 tum
206 2486 338 2527 tenuis
364 2487 461 2528 dare
486 2502 628 2528 rursus
654 2502 783 2541 aquas
809 2495 849 2529 et
873 2502 1044 2542 pascere
1069 2502 1212 2528 rursus

92 2549 188 2590 solis
214 2549 267 2589 ad
292 2563 498 2598 occasum,
524 2564 618 2591 cum
646 2550 821 2604 frigidus
847 2564 943 2590 aera
967 2564 1115 2604 vesper

92 2618 294 2666 temperat
318 2619 357 2652 et
382 2611 509 2653 saltus
534 2612 664 2654 reficit
689 2612 771 2653 iam
797 2611 959 2653 roscida
983 2612 1083 2653 luna

165 2677 292 2712 Veryilius
306 2678 347 2703 ed.
357 2678 440 2706 Thilo.

1189 2677 1211 2712 Qu

1392 132 1446 175 65

1473 316 1538 347 300

1474 626 1537 658 305

1473 939 1539 970 310

1473 1249 1537 1280 315

1468 1872 1532 1902 325

1465 2184 1530 2215 330

1462 2495 1525 2525 335
