1622 2847
133 1064 174 1094 30

133 1376 174 1406 35

134 1690 177 1719 40

134 2001 176 2031 45

137 2313 180 2344 50

139 2627 179 2657 55

194 130 224 174 6
614 137 657 172 P.
679 136 889 177 VERGILI
913 137 1137 175 MAROMS

198 256 223 283 ο
247 241 429 284 formose
453 256 570 297 puer,
595 241 770 282 nimium
794 257 846 283 ne
872 243 993 284 crede
1018 243 1161 284 colori:

199 304 294 345 alba
317 303 494 359 ligustra
518 303 685 352 cadunt,
711 304 897 345 vaccinia
921 304 1041 359 nigra
1064 305 1274 360 leguntur.

199 366 418 422 despectus
444 366 520 407 tibi
545 382 637 407 sum
661 381 750 415 nec,
777 366 848 420 qui
873 367 963 415 sim,
989 367 1165 420 quaeris,
1191 367 1331 417 Alexi,

197 442 323 482 quam
348 428 463 470 dives
488 428 663 483 pecoris,
688 428 799 469 nivei
824 442 951 482 quam
974 428 1092 470 lactis
1118 430 1353 470 abundans:

197 491 308 532 mille
333 506 450 532 meae
477 490 630 532 Siculis
656 498 793 532 errant
818 491 860 531 in
884 491 1096 532 montibus
1122 507 1274 547 agnae3

197 554 262 595 lac
286 553 387 594 mihi
410 568 493 594 non
519 560 674 595 aestate
698 568 868 602 novum,
894 567 977 594 non
1001 553 1156 608 frigore
1181 554 1291 596 defit.

198 623 333 664 canto,
359 630 466 669 quae
492 615 650 664 solitus,
677 615 881 669 siquando
906 626 1093 657 armenta
1118 617 1306 666 vocabat,

197 678 414 733 Amphion
438 678 643 719 Dircaeus
669 678 710 718 in
735 679 897 718 Actaeo
922 678 1179 732 Aracyntho.

198 756 276 782 nec
302 756 393 782 sum
419 741 522 782 adeo
547 740 755 780 informis:
781 755 915 794 nuper
939 755 1005 781 me
1030 741 1072 781 in
1097 741 1213 782 litore
1240 741 1337 790 vidi,

199 819 294 844 cum
319 803 530 858 placidum
556 803 689 844 ventis
715 810 840 844 staret
865 818 996 852 rnare3
1021 818 1104 844 non
1130 818 1208 858 ego
1234 803 1449 859 Daphnim

197 866 334 906 iudice
359 874 399 907 te
424 874 620 914 metuam,
647 865 680 906 si
705 879 934 918 numquam
959 866 1064 906 fallit
1088 866 1241 920 imago.

198 943 222 969 o
247 937 407 969 tantum
432 928 558 968 libeat
584 942 747 968 mecum
773 927 848 968 tibi
874 927 1040 968 sordida
1064 943 1160 968 rura

198 999 323 1044 atque
348 990 514 1031 humilis
540 990 727 1030 habitare
753 1004 869 1030 casas
895 997 935 1031 et
959 990 1087 1042 figere
1115 1004 1258 1030 cervos

200 1053 512 1106 haedorumque
537 1067 709 1107 gregem
735 1052 855 1092 viridi
881 1052 1127 1106 compellere
1151 1051 1328 1093 hibisco!

200 1131 364 1157 mecum
388 1130 473 1155 una
497 1115 539 1155 in
565 1114 678 1155 silvis
702 1114 918 1155 imitabere
942 1114 1062 1154 Pana
1087 1114 1288 1155 canendo.

199 1178 291 1219 Pan
317 1178 474 1232 primus
499 1177 680 1217 calamos
706 1191 802 1217 cera
826 1177 1079 1231 coniungere
1103 1176 1232 1231 pluris

198 1240 387 1288 instituit,
412 1239 505 1280 Pan
531 1246 647 1280 curat
672 1239 760 1279 ovis
786 1238 1011 1292 oviumque
1036 1239 1269 1292 magistros.

198 1317 275 1344 nec
300 1310 339 1343 te
363 1301 570 1357 paeniteat
597 1301 755 1342 calamo
780 1301 941 1341 trivisse
964 1300 1180 1341 labellum:

199 1365 302 1407 haec
327 1365 472 1405 eadem
497 1370 543 1404 ut.
567 1363 702 1411 sciret,
729 1363 830 1416 quid
854 1378 938 1404 non
962 1363 1141 1404 faciebat
1166 1363 1399 1418 Amyntas?

201 1435 262 1469 est
286 1427 386 1467 mihi
412 1425 645 1480 disparibus
672 1433 830 1480 septem
855 1433 1072 1480 compacta
1097 1425 1242 1467 cicutis

199 1490 352 1538 fistula,
379 1489 607 1529 Damoetas
634 1488 743 1528 dono
768 1487 869 1528 mihi
894 1502 1019 1541 quam
1046 1487 1157 1529 dedit
1183 1488 1279 1528 olim

201 1561 241 1594 ct
266 1552 368 1593 dixit
393 1552 571 1592 moriens
598 1555 670 1592 “te
695 1565 806 1592 nunc
831 1550 955 1592 habet
981 1551 1060 1591 ista
1085 1550 1353 1592 secundum.''

202 1615 303 1656 dixit
328 1614 570 1660 Damoetas,
596 1613 743 1653 invidit
767 1613 916 1654 stultus
941 1614 1163 1667 Amyntas.

201 1685 416 1733 praeterea
441 1676 536 1724 duo,
561 1690 638 1716 nec
663 1683 752 1716 tuta
776 1675 877 1715 mihi
901 1675 1008 1716 valle
1033 1675 1198 1730 reperti,

203 1739 396 1794 capreoli,
422 1738 574 1793 sparsis
600 1738 723 1779 etiam
748 1752 859 1778 nunc
883 1737 1061 1792 pellibus
1087 1737 1200 1785 alb03

201 1803 300 1843 bina
325 1801 390 1843 die
416 1801 572 1841 siccant
596 1800 684 1840 ovis
709 1800 857 1848 ubera3
883 1814 987 1853 quos
1013 1800 1087 1840 tibi
1112 1814 1244 1841 serv0.

200 1866 284 1906 iam
309 1864 469 1919 pridem
495 1879 519 1904 a
542 1878 608 1904 me
633 1863 723 1903 illos
749 1862 955 1903 abducere
980 1862 1189 1917 Thestylis
1214 1869 1320 1911 orat3

203 1935 244 1969 et
268 1927 405 1975 faciet,
431 1925 627 1979 quoniam
653 1925 817 1965 sordent
844 1924 919 1965 tibi
944 1940 1118 1966 munera
1141 1931 1292 1965 nostra.

201 1990 284 2031 huc
309 1989 420 2037 ades,
447 2003 470 2029 0
496 1988 676 2029 formose
700 2002 821 2042 puer:
847 1987 921 2027 tibi
946 1987 1030 2027 lilia
1054 1987 1188 2040 plenis

203 2067 299 2095 ecce
325 2051 463 2092 ferunt
487 2050 697 2104 nymphae
723 2049 908 2097 calathis,
935 2048 1009 2089 tibi
1035 2049 1212 2089 candida
1235 2048 1338 2097 nais,

202 2114 394 2170 pallentis
419 2113 549 2153 violas
575 2120 613 2153 et
640 2127 801 2152 summa
825 2125 1033 2166 papavera
1058 2125 1244 2165 carpens,

202 2177 433 2218 narcissum
459 2182 499 2216 et
523 2175 666 2215 florem
691 2174 825 2228 iungit
851 2173 954 2214 benc
980 2173 1127 2214 olentis
1153 2172 1311 2221 anethi3

203 2248 306 2288 tum,
331 2238 442 2280 casia
467 2246 591 2290 atque
616 2236 705 2277 aliis
729 2236 916 2277 intexens
943 2235 1139 2276 suavibus
1163 2235 1316 2283 herbis,

204 2301 344 2343 mollia
368 2300 520 2341 luteola
545 2299 677 2354 pingit
703 2298 889 2339 vaccinia
914 2298 1062 2338 caltha.

204 2366 293 2420 ipse
318 2378 396 2418 ego
422 2378 526 2404 cana
549 2363 688 2416 legam
713 2370 854 2402 tenera
878 2361 1073 2415 lanugine
1097 2359 1207 2400 mala

205 2435 503 2479 castaneasque
527 2439 668 2473 nuces,
694 2439 786 2464 mea
809 2438 913 2476 quas
940 2422 1163 2477 Amaryllis
1189 2422 1372 2472 amabat3

205 2490 356 2531 addam
382 2503 500 2529 cerea
523 2502 674 2541 pruna:
702 2486 831 2527 honos
858 2486 931 2527 erit
957 2485 1054 2526 huic
1079 2499 1245 2538 quoque
1269 2499 1412 2540 pon103

206 2562 246 2594 et
271 2566 358 2600 VOS,
385 2565 408 2591 o
433 2550 551 2599 lauri,
578 2564 745 2604 carpam
772 2557 811 2590 et
837 2555 889 2598 te,
915 2547 1104 2602 proxima
1128 2554 1274 2601 myrte,

205 2615 264 2657 sic
288 2614 446 2669 positae
471 2612 668 2667 quoniam
693 2611 831 2653 suavis
858 2610 1037 2652 miscetis
1062 2610 1222 2651 odores.
