1660 2847
181 132 261 174 160
587 142 629 176 Ρ.
652 141 860 178 VERGILI
885 141 1108 179 MARONIS

87 255 153 286 420
179 251 220 286 et
244 245 440 300 perferre,
467 260 594 293 soror,
620 252 775 300 poter0.
825 246 999 288 miserae
1023 246 1102 289 hoc
1127 254 1265 290 tamen
1290 262 1418 289 unum

85 565 149 596 425

85 877 152 908 430

85 1188 149 1219 435

85 1501 150 1531 4·ὲο

86 1813 149 1844 445

86 2125 152 2155 450

86 2435 151 2466 455

177 322 395 361 exequere,
424 309 560 355 Anna,
587 308 705 348 mihi:
731 309 861 348 solam
886 324 983 349 nam
1008 310 1189 363 perfidus
1214 311 1283 353 ille

178 376 217 411 te
243 371 388 418 colere,
416 384 587 411 arcanos
615 370 736 410 etiam
763 370 835 410 tibi
862 371 1027 412 credere
1052 387 1212 422 sensus,

177 431 263 472 sola
288 432 365 472 viri
390 432 523 471 mollis
549 431 684 472 aditus
710 439 748 473 et
776 439 963 486 tempora
985 447 1127 474 noras:

174 493 200 542 i,
226 508 353 542 soror,
381 500 505 546 atque
531 494 692 535 hostem
717 494 892 548 supplex
917 494 1059 536 adfare
1085 496 1326 551 superbum.

175 570 258 596 non
285 570 362 609 ego
389 570 483 596 cum
508 555 669 596 Danais
695 556 923 597 Troianam
948 557 1168 599 excindere
1193 565 1361 612 gentem

174 617 331 658 Aulide
356 617 488 658 iuravi
514 618 741 659 classemve
767 618 820 659 ad
843 618 1053 673 Pergama
1077 621 1183 669 misi,

176 693 254 721 nec
278 680 405 734 patris
430 679 643 721 Anchisae
669 679 826 721 cineres
852 696 1048 723 mancsve
1075 682 1235 724 revelli:

176 756 250 782 cur
275 756 367 782 mea
392 741 502 782 dicta
527 749 652 797 negat
677 742 801 783 duras
827 742 1043 785 demittere
1068 744 1111 785 in
1136 744 1270 785 auris?

175 818 257 858 quo
283 804 389 844 ruit?
415 811 646 845 extremum
671 804 750 845 hoc
774 805 950 846 miserae
975 806 1045 847 det
1069 821 1220 847 munus
1246 806 1412 857 amanti,

179 872 368 920 expectet
392 865 642 919 facilemque
667 866 812 920 fugam
838 874 1066 921 ventosque
1092 868 1274 909 ferentis.

176 943 259 968 non
283 928 365 968 iam
393 928 634 982 coniugium
659 928 891 981 antiquum,
917 929 1028 981 quod
1054 930 1248 984 prodidit,
1274 945 1359 980 oro,

174 1005 251 1031 nec
276 989 450 1044 pulchro
475 997 521 1030 ut
545 990 669 1031 Latio
696 997 835 1031 careat
858 1006 1117 1045 regnumque
1142 992 1366 1045 relinquat3

175 1059 337 1106 tempus
363 1052 485 1093 inane
511 1060 620 1106 petO,
645 1053 832 1106 requiem
857 1053 1121 1107 spatiumque
1148 1054 1292 1103 furori,

176 1115 274 1155 dum
299 1129 392 1155 mea
416 1129 482 1155 me
508 1114 660 1155 victam
686 1115 832 1156 doceat
855 1115 1021 1156 fortuna
1046 1116 1195 1157 dolere.

176 1184 404 1218 extremam
429 1176 534 1217 hanc
560 1191 632 1217 oro
657 1177 821 1217 veniam
846 1177 1057 1228 (miserere
1082 1178 1267 1220 sororisl:

176 1254 301 1294 quam
326 1238 427 1279 mihi
452 1254 547 1280 cum
573 1239 749 1288 dederis,
775 1240 1029 1281 cumulatam
1054 1247 1184 1282 morte
1208 1239 1441 1282 remittam?

231 1301 406 1342 Talibus
432 1301 589 1350 orabat,
616 1301 792 1355 talisque
817 1302 1047 1343 miserrima
1071 1303 1190 1344 fletus

178 1364 341 1417 fertque
367 1363 576 1416 refertque
601 1378 727 1404 soror.
776 1364 850 1405 sed
874 1364 997 1405 nullis
1022 1365 1090 1406 ille
1115 1372 1304 1407 movetur

177 1426 342 1468 fletibus
370 1433 441 1466 aut
466 1440 588 1467 voces
613 1426 720 1467 ullas
747 1427 972 1468 tractabilis
999 1428 1131 1468 audit:

175 1488 262 1530 fata
287 1488 453 1529 obstant
477 1488 746 1543 placidasque
770 1489 848 1529 viri
873 1489 975 1530 deus
1001 1489 1178 1531 obstruit
1201 1490 1325 1532 auris.

177 1566 224 1592 ac
250 1551 363 1592 velut
388 1565 544 1591 annoso
570 1551 751 1592 validam
777 1565 871 1592 cum
897 1551 1044 1593 robore
1068 1566 1267 1605 quercum

174 1613 321 1668 Alpini
346 1613 497 1654 boreae
522 1628 633 1654 nunc
658 1613 754 1655 hinc
778 1628 889 1655 nunc
913 1614 1080 1655 flatibus
1108 1615 1220 1657 illinc

174 1691 318 1718 eruere
342 1675 448 1716 inter
473 1690 516 1716 se
543 1682 718 1724 certant3
745 1675 777 1716 it
801 1676 950 1717 stridor
975 1684 1016 1718 et
1040 1677 1146 1718 altae

177 1744 444 1780 consternunt
469 1745 621 1779 terram
647 1752 847 1779 concusso
874 1738 1011 1793 stipite
1036 1739 1218 1788 frondes,

175 1801 265 1856 ipsa
289 1801 431 1841 haeret
455 1800 634 1855 scopulis
661 1808 700 1841 et
726 1807 925 1854 quantum
952 1801 1106 1843 vertice
1131 1802 1184 1842 ad
1210 1816 1330 1843 auras

177 1862 394 1911 aetherias,
420 1869 581 1903 tantum
605 1862 744 1903 radice
768 1863 810 1903 in
836 1863 1012 1904 Tartara
1041 1864 1189 1905 tendit:

175 1925 289 1967 haud
313 1940 431 1966 secus
457 1925 641 1966 adsiduis
665 1925 762 1966 hinc
787 1932 911 1979 atque
937 1925 1032 1967 hinc
1057 1927 1229 1968 vocibus
1255 1926 1376 1969 heros

177 1988 363 2028 tunditur
387 1994 427 2028 et
452 2002 605 2042 magno
631 1987 830 2042 persentit
854 1995 1019 2042 pectore
1045 2003 1184 2038 curas;

176 2066 292 2092 mens
316 2050 473 2091 inmota
497 2057 648 2098 manet,
673 2049 867 2091 lacrimae
894 2050 1118 2092 volvuntur
1142 2051 1299 2094 inanes.

231 2113 343 2154 Tum
368 2127 465 2154 vero
489 2112 633 2153 infelix
659 2112 754 2154 fatis
781 2113 976 2154 exterrita
999 2112 1113 2154 Dido

176 2182 352 2216 mortem
377 2181 484 2223 orat3
511 2175 649 2216 taedet
673 2174 776 2216 caeli
801 2189 987 2216 convexa
1011 2176 1129 2217 tueri.

178 2252 260 2291 quo
284 2237 418 2292 magis
442 2238 653 2292 inceptum
679 2244 853 2292 peragat
875 2238 1095 2292 lucemque
1119 2237 1336 2293 relinquat,

176 2299 292 2349 vidit,
318 2299 548 2341 turicremis
573 2314 669 2340 cum
693 2299 803 2341 dona
827 2300 1043 2355 inponeret
1067 2300 1161 2349 aris,

177 2362 445 2413 (horrendum
471 2362 601 2413 dictu)
625 2362 768 2404 latices
798 2362 1034 2417 nigrescere
1059 2377 1197 2404 sacros

177 2424 354 2478 fusaque
378 2424 420 2465 in
446 2424 672 2466 obscenum
698 2439 741 2466 se
767 2431 927 2466 vertere
952 2425 1049 2465 vina
1073 2439 1275 2467 cruorem.

177 2486 256 2528 hoc
281 2487 415 2527 visum
441 2487 556 2535 nulli,
581 2501 664 2527 non
688 2487 766 2541 ipsi
793 2486 917 2528 effata
942 2487 1084 2528 sorori.

177 2556 392 2603 praetcrea
417 2548 496 2589 fuit
519 2549 561 2590 in
588 2549 705 2590 tectis
730 2549 781 2590 de
805 2563 1011 2590 marmore
1036 2549 1236 2603 templum

177 2611 365 2668 coniugis
391 2611 563 2666 antiqui,
589 2612 694 2652 miro
718 2612 830 2666 quod
856 2612 1011 2654 honore
1037 2612 1212 2661 colebat,
