1654 2837
94 163 233 196 XXXII

93 241 224 282 (Minos
239 255 273 289 p.
285 243 350 279 173
363 255 404 290 sq

603 173 834 200 ADNO'I'ATIO
859 173 1028 201 CRITICA.

407 248 465 290 q.),
483 245 797 290 Ribbeckio(prol.
827 245 969 280 Helena
991 249 1196 291 sumpturus
1225 245 1351 289 fuerit,
1380 245 1530 279 Aenean
1559 264 1563 268 ·

93 299 128 332 p.
148 289 192 322 92
209 293 284 333 sq),
309 290 470 335 Hauptio
494 291 562 332 (ed.
582 291 632 331 ΙΙ)
652 291 798 325 seclusi:
826 291 880 324 ira
907 291 1034 325 sedata
1068 292 1261 326 sceleratas
1295 296 1381 336 apte
1411 291 1530 324 dicere

92 343 176 367 nam
199 335 329 368 absunt
351 346 374 369 a
397 336 498 370 bonis
522 335 676 381 Vergilii
699 336 800 370 libris

93 380 275 423 omnibus,
320 391 391 414 non
425 385 746 414 commemorantur
779 393 800 414 a

94 422 278 468 Suetonio,
303 425 364 469 qui
388 427 503 470 (pb-⁷),
518 426 539 459 2
553 426 611 467 R.)
631 429 800 470 quattuor

92 468 174 502 illos
186 480 320 512 versus,
342 471 402 514 qui
416 471 452 504 in
467 471 650 504 Aeneidos
664 471 765 504 initio
779 483 799 504 a

93 513 205 548 Vario
220 519 256 548 et
264 515 388 549 Tucca
402 516 513 550 deleti
527 527 605 550 esse
623 515 798 557 feruntur,

93 561 401 603 commemoravit,
442 560 617 606 incogniti
655 560 800 596 fuerunt

93 603 242 638 Tiberio
260 605 405 639 Donato
424 610 460 638 et
477 605 671 639 Danielino
691 606 798 640 inter-

92 649 185 694 preti
210 650 271 693 qui
295 651 342 684 ad
359 651 395 684 II
413 651 479 685 595
496 651 588 684 hace
606 651 800 696 adscripsit

93 696 192 738 ‘quid
224 696 331 739 ficrz'S,
364 707 444 729 cum
477 696 653 730 extinctos
686 697 799 730 socios

91 740 226 783 videas,
236 741 327 775 velle
342 752 518 786 pugnare.
535 745 571 776 et
585 741 677 775 bono
690 741 799 775 verbo

91 796 176 818 usus
195 790 247 819 est
270 786 384 820 virum
408 787 537 820 fortem
554 797 575 820 a
592 787 728 831 proelio
746 798 798 820 re-

91 831 258 872 vocans3'
282 832 439 876 denique
457 832 574 865 nullus
592 832 798 876 grammati-

93 887 155 909 cus
172 880 236 910 aut
258 876 349 910 alius
373 876 526 921 scriptor
543 878 740 921 quidquam
758 888 799 911 cx

92 919 163 954 illis
193 921 352 965 protulit.
390 922 532 956 accedit
555 924 649 966 quod
673 934 694 956 a
719 934 798 955 eon—

92 966 172 999 silio
183 970 311 1011 poetae
327 967 434 1001 alieni
447 971 538 1009 sunt,
549 968 609 1011 qui
620 980 650 1000 v.
661 968 725 1002 619
734 978 799 1011 sq.,

92 1011 158 1044 632
173 1022 237 1055 sq.,
252 1012 319 1045 664
333 1022 382 1055 sq.
398 1016 524 1064 aperte
539 1013 708 1055 ostendit,
722 1024 799 1046 eam

92 1056 138 1090 ob
155 1068 231 1090 rem
249 1069 286 1091 se
304 1057 457 1091 Vener1s
480 1058 719 1092 interventum
739 1058 797 1091 ad-

93 1102 240 1144 didisse,
264 1105 304 1135 ut
320 1103 465 1136 Aeneas
489 1114 510 1136 a
532 1104 729 1148 pugnando
746 1113 797 1136 re—

91 1147 266 1180 tineretur
297 1152 406 1192 atque
440 1148 609 1191 perieulis
641 1149 799 1192 undique

91 1192 362 1226 imminentibus
386 1193 507 1226 divina
533 1204 600 1237 ope
629 1194 797 1227 liberare-

91 1242 159 1271 tur.
202 1238 238 1271 id
273 1238 459 1271 consilium
496 1239 698 1272 subditiciis
730 1238 800 1271 illis

91 1282 254 1317 versibus
272 1283 500 1317 obscuratur:
522 1294 610 1328 quos
628 1283 689 1327 qui
708 1294 799 1317 com-

93 1328 224 1373 posuit,
253 1328 433 1362 Venerem
467 1328 549 1362 ideo
582 1329 734 1363 maxime
764 1339 800 1361 se

93 1373 168 1407 filio
186 1373 359 1407 obtulisse
374 1373 489 1417 finxit,
506 1378 546 1407 ut
558 1373 736 1408 Helenam
755 1374 800 1407 ab

92 1418 146 1452 ira
179 1419 255 1452 eius
285 1419 505 1453 defenderet.
540 1419 631 1453 illud
660 1430 801 1463 quoque

93 1463 330 1508 Vergilianae
377 1464 575 1497 narrationi
622 1468 801 1509 repugnat

94 1512 189 1553 quod
215 1521 244 1544 v.
263 1510 329 1543 568
353 1521 430 1554 sqq.
455 1510 600 1544 Aeneas
624 1510 801 1543 Helenam

94 1556 253 1588 ‘secreta
296 1555 333 1588 in
378 1555 463 1588 sede
507 1555 695 1589 latentem’
740 1556 800 1588 ad-

95 1600 254 1644 spexisse
288 1603 324 1633 et
362 1611 498 1634 errasse
534 1600 680 1634 dicitur:
720 1611 800 1633 nam

94 1647 172 1689 ipsc
197 1648 305 1689 poeta
329 1656 409 1679 eum
433 1646 477 1679 de
501 1645 655 1679 culmine
678 1646 802 1691 regiae

96 1691 232 1733 domus,
256 1691 293 1724 in
311 1691 407 1735 quod
426 1695 601 1733 evaserat,
626 1701 696 1724 non
720 1695 802 1724 ante

96 1736 326 1769 descendisse
343 1736 514 1779 narravit,
534 1747 641 1780 quam
656 1736 802 1770 deorum

95 1781 132 1814 in
157 1781 352 1815 evertenda
373 1781 462 1815 urbe
485 1792 631 1826 operam
654 1781 803 1814 vidisset

96 1830 140 1867 (v.
156 1826 223 1860 (332
236 1830 315 1869 sq.).
333 1847 378 1851 ——
394 1827 431 1860 in
448 1826 599 1878 singulis
617 1826 803 1860 sententiis

97 1875 133 1906 et
165 1871 406 1905 locutionibus
445 1871 648 1905 iudicandis
680 1883 802 1905 verum

98 1920 152 1950 est
174 1916 455 1961 Peerlkampum
480 1917 591 1950 nimia
613 1917 803 1951 severitate

96 1974 200 1996 usum
218 1973 308 2004 esse,
326 1962 557 1996 inveniuntur
572 1966 694 1996 tamen
711 1972 804 2006 quae

98 2007 264 2051 Vergilio
291 2007 443 2053 indigna
472 2008 543 2041 sint
571 2011 633 2042 aut
658 2007 704 2041 ab
729 2007 805 2041 eius

99 2053 358 2087 consuetudine
376 2053 559 2087 recedant.
586 2052 698 2086 veluti
716 2053 804 2088 Ver-

99 2098 208 2144 gilius
226 2097 350 2131 limina
367 2109 509 2132 servare
528 2110 609 2132 eum
626 2098 726 2142 dicit,
744 2098 803 2143 qui

100 2147 235 2178 certam
251 2143 409 2187 aliquam
421 2148 457 2177 et
468 2144 671 2177 diuturnam
683 2144 804 2177 sedem

99 2188 234 2223 habeat
248 2188 306 2227 (ef.
323 2188 373 2223 VI
390 2189 469 2232 402,
486 2189 553 2223 575
570 2192 606 2223 et
621 2189 698 2229 507,
716 2190 806 2232 556),

100 2237 139 2268 at
161 2246 193 2267 v.
212 2234 278 2267 568
300 2233 459 2276 Helena,
489 2245 581 2278 quae
612 2234 648 2267 in
672 2234 806 2269 Vestae

100 2279 229 2314 aedem
252 2278 398 2324 fugerit,
418 2283 458 2312 ut
480 2280 590 2313 breve
611 2283 754 2323 tempus
771 2279 806 2312 in

101 2335 145 2359 ea
161 2325 301 2367 lateret,
317 2325 405 2358 deae
423 2324 548 2358 limina
565 2335 706 2358 servare
721 2324 806 2358 diei-

99 2374 168 2404 tur.
213 2370 257 2403 de
288 2369 407 2403 verbis
436 2381 528 2414 quae
564 2373 646 2403 sunt
681 2370 807 2403 ‘scele-

100 2419 199 2449 ratas
227 2426 367 2449 sumere
396 2415 545 2460 poenas’
575 2417 620 2457 (v.
639 2415 718 2458 576)
742 2415 807 2449 etsi

827 336 1126 380 potuisse,tamen
1140 337 1214 371 tale
1227 337 1399 371 iudicium
1413 345 1531 380 neque

827 392 906 414 cum
919 381 962 414 iis
973 392 1064 425 quae
1076 382 1233 426 proxime
1244 382 1463 416 antecedunt
1470 391 1530 414 ne-

827 437 895 470 que
915 437 993 459 eum
1008 426 1079 460 illis
1093 438 1184 470 quac
1198 427 1360 461 versibus
1373 427 1439 460 584
1453 435 1531 468 sqq.

827 471 1068 513 continentur,
1093 472 1269 506 convenit.
1301 483 1442 506 versum
1466 471 1531 504 579

827 515 984 555 multi,in
998 516 1128 560 quibus
1140 517 1361 562 Wagnerum
1375 516 1531 559 nomino,

827 560 989 605 Vergilio
1012 561 1310 595 abiudicaverunt
1332 573 1413 595 cum
1441 560 1532 594 alias

827 606 872 639 ob
891 616 1017 639 causas
1034 610 1109 639 tum
1128 607 1213 650 quia
1231 617 1252 640 a
1268 607 1413 649 fabulis,
1438 616 1531 651 quae

826 651 934 692 vulgo
946 651 990 684 de
999 651 1141 685 Helena
1155 652 1374 695 ferebantur,
1383 651 1530 685 recedit.

826 707 857 728 v.
872 696 939 730 584
956 696 1085 730 ‘habet
1101 697 1191 731 haec
1207 697 1357 731 victoria
1375 696 1532 730 laudem’

827 740 920 781 libri,
945 742 1028 775 ‘nec
1045 741 1156 775 habet
1172 754 1204 775 v.
1224 742 1258 775 l.‘
1282 742 1458 787 impressa
1475 752 1531 775 ex-

828 786 1001 830 ‹unplaria
1025 786 1203 820 exhibent.
1231 787 1384 820 alterum
1402 790 1438 820 et
1455 797 1531 820 ora-

826 831 934 864 tionis
968 831 1227 876 perspicuitate
1262 835 1298 866 et
1332 831 1533 865 sententiae

827 876 956 910 decore
981 880 1151 921 praestat.
1190 877 1253 911 sed
1275 887 1400 911 vereor
1422 887 1466 910 ne
1491 887 1534 910 ea

827 921 1006 966 scriptura
1023 925 1170 966 recepta
1186 921 1310 956 nativa
1322 922 1438 967 magis
1455 932 1532 955 ora-

827 966 934 1000 tionis
951 966 1171 1010 deformitas,
1190 978 1297 1011 quam
1314 966 1452 1000 librarii
1469 966 1533 1000 ali-

828 1012 928 1045 cuius
957 1022 1055 1045 error
1083 1012 1240 1046 tollatur.
1274 1023 1357 1046 nam
1385 1014 1536 1056 possunt

827 1057 990 1102 intellegi
1018 1068 1110 1102 quae.
1134 1057 1170 1091 in
1198 1057 1300 1091 libris
1328 1060 1467 1100 extant,
1496 1060 1536 1090 ut

828 1102 957 1136 ‘habet
978 1102 1070 1136 haee
1092 1102 1244 1136 victoria
1265 1103 1426 1136 laudem'
1450 1112 1534 1146 apo-

828 1147 923 1181 dosis
953 1147 1008 1189 sit,
1039 1148 1139 1181 cuius
1168 1148 1348 1182 sententia
1374 1147 1419 1181 iis
1441 1157 1535 1191 quae

828 1197 1024 1236 sequuntur
1041 1193 1250 1237 explicetur.
1276 1196 1436 1227 ceterum
1451 1203 1535 1237 poe-

829 1249 910 1271 nam
942 1238 987 1271 ab
1021 1238 1164 1271 Helena
1195 1241 1376 1283 sumptam
1413 1238 1535 1282 inepte

828 1282 1013 1316 victoriam
1045 1283 1179 1317 dictam
1213 1294 1290 1317 esse
1330 1293 1434 1318 nemo
1465 1293 1536 1316 non

829 1327 936 1364 videt.
965 1349 1007 1353 -—
1036 1328 1072 1362 in
1102 1328 1222 1362 verbis
1250 1339 1342 1372 quae
1371 1331 1454 1362 sunt
1483 1330 1537 1361 ‘et

829 1373 1021 1418 sumpsisse
1049 1373 1220 1407 merentis
1250 1373 1425 1407 laudabor
1452 1383 1536 1418 poe-

829 1418 908 1452 nas’
938 1418 983 1452 iis
1011 1419 1210 1462 adsentior,
1241 1419 1302 1462 qui
1332 1418 1536 1453 ‘merentis'

830 1464 1036 1509 genetivum
1054 1474 1130 1498 esse
1146 1467 1301 1498 censent.
1327 1468 1365 1497 at
1383 1466 1537 1509 ‘poenas

829 1509 980 1542 alieuius
1003 1509 1159 1543 sumere’
1185 1509 1336 1542 latinum
1360 1519 1437 1543 esse
1460 1508 1538 1542 iure

830 1554 976 1599 negavit
1004 1554 1278 1598 Peerlkampus.
1316 1566 1347 1588 v.
1373 1554 1437 1588 587
1467 1553 1537 1587 ‘ul-

829 1599 928 1633 tricis
960 1599 1111 1633 famam‘
1150 1599 1321 1633 librorum
1359 1599 1538 1644 scriptura

830 1648 998 1689 corrupta
1033 1649 1096 1677 est.
1146 1645 1241 1689 quod
1280 1645 1379 1678 edita
1419 1655 1536 1678 exem-

831 1690 946 1734 plaria
963 1689 1155 1734 occupavit
1173 1689 1329 1724 ‘ultricis
1353 1689 1536 1723 flammae'

830 1735 916 1779 quid
934 1735 1004 1769 sibi
1026 1735 1113 1769 velit
1130 1745 1200 1769 non
1231 1738 1337 1769 >otest
1359 1733 1535 1779 intellegi.

831 1781 926 1814 haud
941 1780 1014 1814 scio
1030 1791 1074 1814 an
1090 1780 1135 1823 ei,
1149 1780 1210 1824 qui
1237 1791 1288 1814 ios
1301 1791 1424 1813 versus
1443 1790 1536 1813 com-

831 1825 961 1870 posuit,
979 1836 1049 1859 non
1067 1825 1131 1859 fiat
1146 1825 1289 1869 iniuria,
1303 1825 1332 1859 si
1347 1825 1536 1859 ‘animum-

831 1882 899 1915 que
923 1871 1085 1915 explesse
1108 1870 1248 1904 iuvabit
1274 1871 1400 1904 ultoris
1424 1869 1537 1904 fama‘

832 1915 1016 1960 scripsisse
1040 1916 1192 1959 dicatur,
1217 1916 1238 1949 i.
1259 1927 1288 1950 e.
1308 1915 1482 1959 laetabor,
1507 1914 1538 1948 si

831 1961 923 1995 bene
946 1960 1104 2004 audiam,
1134 1961 1229 2005 quod
1258 1961 1402 1995 Helena
1429 1959 1537 1994 inter-

832 2007 928 2040 fecta
946 2006 1099 2050 patriam
1117 2007 1213 2039 ultus
1231 2006 1308 2039 sim.
1335 2009 1484 2039 venerat
1500 2005 1538 2038 id

833 2051 919 2085 mihi
940 2051 978 2085 in
1000 2055 1156 2085 mentem
1182 2061 1253 2096 quo
1274 2054 1436 2095 tempore
1457 2050 1538 2085 Ser-

832 2097 929 2131 vium
952 2097 1118 2137 edebam,
1143 2097 1205 2130 sed
1230 2107 1311 2130 cum
1334 2096 1539 2130 dubitarem

833 2148 919 2185 tum,
943 2153 989 2175 an
1007 2153 1037 2176 v.
1056 2142 1121 2176 567
1139 2151 1216 2186 sqq.
1236 2141 1390 2186 Vergilii
1408 2144 1538 2182 essent,

834 2187 1048 2233 elegantiori
1093 2186 1265 2221 Schocllii
1312 2186 1539 2221 coniecturae

835 2232 1043 2277 ‘ultricique
1065 2243 1174 2266 manu
1197 2232 1336 2266 eineres
1358 2244 1383 2266 s.
1403 2231 1462 2265 m.'
1490 2231 1539 2266 lo—

834 2290 914 2312 cum
930 2278 1024 2311 dedi.
1035 2298 1079 2302 —-
1092 2277 1280 2322 probanda
1293 2277 1405 2322 igitur
1418 2287 1540 2311 eorum

835 2324 937 2367 ratio,
955 2323 1017 2367 qui
1035 2322 1159 2357 Servio
1176 2323 1240 2356 hos
1257 2333 1380 2356 versus
1394 2333 1416 2356 a
1430 2321 1540 2356 Vario

835 2369 1014 2402 detractos
1032 2379 1110 2402 esse
1128 2367 1293 2412 prodenti
1312 2367 1419 2401 fidem
1439 2367 1538 2401 dero-

835 2417 1019 2458 gaverunt.
1047 2413 1176 2457 quibus
1194 2413 1345 2446 sublatis
1363 2413 1407 2446 de
1430 2411 1539 2446 versi-

102 2461 278 2505 concedo,
316 2471 452 2504 poenas
484 2460 599 2505 ipsas,
639 2471 729 2504 quas
761 2460 808 2494 ab
835 2459 901 2494 bus
915 2459 1093 2493 559-566
1108 2462 1143 2492 et
1156 2459 1221 2493 589
1236 2469 1311 2510 sqq.
1334 2457 1422 2492 alios
1436 2457 1541 2491 aliter

834 2504 1013 2538 iudicasse
1022 2504 1194 2537 videmus.
1207 2503 1423 2537 Damelinus
1432 2502 1540 2536 inter—

100 2571 129 2590 se
152 2572 208 2590 non
234 2564 299 2590 avete
324 2564 418 2589 altos?
448 2564 485 2589 ad
504 2572 531 2589 v.
544 2564 594 2590 592
612 2563 731 2589 Servius
758 2571 810 2588 eur
835 2561 928 2595 pres,
945 2549 1044 2583 cuius
1062 2548 1236 2582 scholium
1255 2559 1365 2593 supra
1375 2547 1540 2599 excripsi,

100 2607 203 2624 versus
216 2599 261 2624 illi
277 2599 387 2623 sublati
400 2606 464 2623 csse
477 2599 651 2623 viderentur
663 2599 808 2628 exposuit.
836 2599 872 2629 et
895 2594 1064 2629 Tiberius
1088 2593 1252 2627 Donatus
1281 2597 1317 2627 et
1344 2594 1541 2626 oratlonem

101 2647 133 2652 —
152 2641 227 2665 quae
252 2633 282 2658 in
302 2633 474 2658 Cassellauo
499 2633 535 2657 ad
554 2640 580 2658 v.
595 2633 644 2657 566
668 2632 809 2656 adnotata

101 2670 168 2693 sunt
187 2675 202 2693 e
221 2666 366 2692 Serviano.
383 2667 567 2698 praefatione
591 2666 697 2697 petivit
714 2667 739 2692 is
759 2666 809 2698 qui

103 2701 200 2728 Servii
213 2701 460 2728 commentarium
473 2701 612 2733 explevit.

836 2644 871 2674 et
899 2639 1114 2674 sententiam
1147 2639 1294 2684 plenam
1328 2648 1405 2672 esse
1438 2641 1540 2690 puta-

834 2689 978 2720 verunt:
1001 2695 1084 2720 nam
1105 2696 1137 2721 v.
1154 2684 1221 2719 594
1244 2686 1364 2729 ‘nate‚
1387 2693 1468 2730 quis
1488 2693 1541 2717 m-

1622 2637 1625 2659 1
