1660 2847
557 144 809 182 AENEIDOS
833 145 929 181 LIB.
955 147 1000 183 V.

110 249 371 305 signavitque
395 250 505 291 viam
529 249 706 291 flammis
731 249 949 303 tenuisque
973 251 1145 293 recessit

110 322 355 367 consumpta
378 313 420 353 in
443 318 602 360 ventos,
628 312 743 353 caelo
768 326 845 353 ceu
870 326 993 366 saepe
1017 314 1148 354 refixa

109 381 392 415 transcurrunt
418 373 655 426 crinemque
680 373 862 415 volantia
887 374 1022 415 sidera
1047 375 1216 417 ducunt.

109 436 291 477 attonitis
314 436 485 477 haesere
509 435 671 484 animis,
696 449 952 490 superosque
977 437 1134 491 precati

108 498 312 539 Trinacrii
336 498 572 551 Teucrique
596 497 673 538 viri
682 514 692 546 ;
718 512 795 539 nec
819 498 1026 539 maximus
1052 513 1173 540 omen

108 559 252 601 abnuit
277 561 459 609 Aeneas,
486 559 559 601 sed
583 559 739 600 laetum
764 560 980 614 amplexus
1004 561 1191 603 Acesten

107 622 348 663 muneribus
374 622 558 663 cumulat
582 621 745 677 magnis
771 636 819 662 ac
844 622 942 663 talia
966 623 1095 663 fatur:

106 687 257 733 ‘sume,
282 690 419 738 pater:
444 699 542 724 nam
566 691 607 724 te
632 683 763 724 voluit
787 698 860 725 rex
884 699 1062 739 magnus
1089 683 1264 741 Olympi

106 745 259 787 talibus
286 745 480 800 auspiciis
505 752 691 787 exortem
716 745 867 787 ducere
891 745 1081 789 honores,

103 807 234 862 ipsius
258 808 472 849 Anchisae
497 807 691 862 longaevi
715 807 794 848 hoc
818 823 970 849 munus
995 808 1183 858 habebis,

104 876 262 910 cratera
286 870 521 925 inpressum
546 870 688 925 signis,
715 884 839 923 quem
864 870 1068 911 Thracius
1094 871 1192 912 olim

102 931 315 974 Anchisae
339 932 517 987 genitori
541 932 583 973 in
607 947 762 987 magno
787 947 958 974 munere
986 931 1155 975 Cisseus

101 993 210 1035 ferre
235 995 299 1035 sui
323 994 493 1036 dederat
517 1002 835 1036 monumentum
860 1003 900 1036 et.
924 995 1077 1050 pignus
1103 996 1280 1037 amoris.’

101 1055 161 1097 sic
184 1056 296 1098 fatus
321 1057 450 1111 cingit
474 1056 666 1097 viridanti
690 1064 878 1111 tempora
902 1057 1018 1098 lauro

102 1125 142 1160 et
166 1118 346 1173 primum
372 1128 467 1159 ante
493 1118 625 1159 omnis
650 1118 850 1160 victorem
874 1119 1055 1173 appellat
1080 1119 1278 1162 Acesten.

100 1195 177 1221 nec
202 1181 335 1222 bonus
361 1180 567 1235 Eurytion
592 1180 777 1235 praelato
803 1180 951 1222 invidit
975 1181 1134 1231 honori,

100 1243 290 1296 quamvis
315 1244 426 1284 solus
451 1258 571 1284 avem
596 1243 711 1284 caelo
737 1243 886 1284 deiecit
911 1243 963 1283 ab
990 1244 1086 1285 alto.

98 1305 311 1359 proximus
334 1305 567 1360 ingreditur
591 1305 722 1354 donis,
749 1305 820 1358 qui
844 1305 1010 1346 vincula
1034 1306 1158 1360 rupit,

98 1374 321 1417 extremus,
346 1368 503 1408 volucri
527 1367 599 1421 qui
623 1367 711 1408 fixit
736 1367 968 1408 harundine
993 1368 1163 1410 malum.

154 1430 216 1470 At
239 1438 356 1485 pater
379 1431 548 1471 Aeneas
573 1429 759 1470 nondum
786 1430 1007 1471 certamine
1033 1430 1159 1471 misso

97 1492 311 1533 custodem
336 1492 389 1533 ad
415 1507 505 1533 sese
530 1492 806 1545 comitemque
829 1491 997 1546 inpubis
1023 1492 1105 1533 Iuli

96 1554 307 1609 Epytiden
332 1562 455 1596 vocat
479 1561 519 1596 et
541 1554 668 1595 fidam
693 1554 751 1595 sic
774 1553 886 1595 fatur
911 1555 964 1595 ad
989 1570 1151 1596 aurem:

96 1617 221 1658 ‘vade
246 1632 325 1672 age
350 1625 390 1658 et
416 1616 613 1665 Ascanio,
640 1616 674 1657 si
697 1616 781 1657 iam
806 1617 962 1671 puerile
987 1624 1179 1671 paratum

95 1694 246 1734 agmen
270 1679 394 1719 habet
421 1694 562 1720 secum
588 1692 816 1732 cursusque
840 1678 1037 1719 instruxit
1061 1694 1276 1732 equorum,

95 1741 221 1782 ducat
244 1755 321 1782 avo
346 1748 503 1781 turmas
529 1747 570 1781 et
595 1755 685 1782 sese
709 1740 902 1781 ostendat
924 1741 967 1781 in
992 1742 1130 1791 armis,

95 1803 177 1844 dic’
204 1803 272 1844 ait.
320 1803 407 1857 ipse
433 1817 598 1843 omnem
623 1803 748 1857 longo
774 1802 975 1844 decedere
1001 1804 1109 1845 circo

93 1866 277 1906 infusum
302 1866 503 1920 populum
529 1873 569 1906 et
594 1879 762 1920 campos
786 1865 903 1906 iubet
929 1881 1018 1907 esse
1043 1866 1236 1921 patentis.

93 1927 290 1968 incedunt
314 1928 431 1982 pueri
455 1927 692 1981 pariterque
717 1934 812 1968 ante
837 1942 909 1968 ora
933 1936 1153 1982 parentum

93 1989 263 2030 frenatis
287 1989 427 2030 lucent
450 1989 492 2029 in
519 1989 649 2042 equis,
676 2003 780 2042 quos
805 1990 938 2030 omnis
964 1991 1098 2031 euntis

93 2052 331 2092 Trinacriae
355 2052 504 2092 mirata
526 2051 665 2092 fremit
689 2052 924 2106 Troiaeque
949 2052 1157 2094 iuventus.

93 2113 283 2154 omnibus
308 2113 350 2154 in
374 2128 532 2155 morem
557 2121 676 2154 tonsa
701 2128 819 2154 coma
843 2129 986 2168 pressa
1011 2130 1176 2166 corona,

92 2190 242 2217 cornea
270 2175 369 2216 bina
392 2176 532 2216 ferunt
555 2175 741 2230 praefixa
765 2176 930 2217 hastilia
954 2177 1077 2225 ferro,

90 2253 186 2293 pars
211 2237 313 2278 levis
336 2252 479 2279 umero
503 2238 731 2293 pharetras,
756 2238 788 2278 it
811 2246 979 2293 pectore
1004 2254 1168 2281 summo

90 2300 237 2341 flexilis
262 2299 413 2340 obtorti
437 2315 512 2354 per
536 2300 688 2341 collum
713 2299 891 2341 circulus
917 2301 1020 2342 auri.

90 2370 172 2403 tres
198 2361 383 2414 equitum
407 2377 580 2403 numero
606 2370 767 2404 turmae
792 2363 980 2417 ternique
1005 2371 1213 2419 vagantur

90 2423 295 2471 ductores,
322 2424 439 2478 pueri
461 2424 526 2465 bis
552 2424 641 2465 seni
665 2439 874 2478 quemque
900 2426 1031 2467 secuti

90 2486 255 2541 agmine
279 2485 429 2539 partito
454 2486 619 2541 fulgent
642 2486 896 2541 paribusque
921 2488 1142 2542 magistris.

89 2562 173 2588 una
198 2547 306 2588 acies
332 2547 542 2598 iuvenum,
569 2549 683 2589 (lucit
707 2563 833 2602 quam
859 2565 1012 2604 parvus
1038 2557 1233 2592 ovantem

88 2624 240 2651 nomen
266 2609 333 2651 avi
357 2609 540 2652 referens
564 2611 772 2661 Priamus,
799 2619 871 2652 tua
895 2612 1018 2662 clara,
1044 2612 1193 2662 Polite,

1376 139 1455 181 181

1482 512 1547 543 530

1479 823 1542 853 535

1475 1134 1540 1165 540

1473 1446 1536 1477 545

1469 1758 1534 1790 550

1466 2069 1530 2099 555

1463 2379 1528 2410 560
