1628 2847
622 162 762 199 clais,
1272 154 1365 198 -379

22 268 183 324 effigies
209 269 428 311 animantis
454 274 495 310 et
517 267 750 310 internodia
774 266 970 310 membris

20 330 250 386 inperfecta
273 345 381 372 novo
406 329 568 371 fluitant
593 335 784 371 concreta
807 329 957 379 calore,

22 392 82 434 sic
104 393 262 446 liquido
290 392 456 448 Scyllae
482 392 780 434 circumfusum
805 405 985 445 aequore
1010 405 1160 448 corpus

23 454 205 496 semiferi
228 455 393 496 incertis
418 454 543 496 etiam
567 468 678 495 nunc
701 453 888 508 partibus
913 460 1026 495 artus

22 516 206 570 undique
231 517 447 558 mutabant
473 524 597 571 atque
621 516 806 569 undique
830 516 1112 559 mutabantur.
1393 529 1458 560 495

23 578 105 620 oris
129 579 260 620 honos
285 579 465 634 primum
489 586 530 620 et
553 578 693 620 multis
718 584 859 632 optata
882 578 1034 619 labella

23 647 65 682 et
87 641 254 696 patulae
278 641 422 682 frontis
448 640 605 696 species
631 654 894 682 concrescere
919 639 962 681 in
986 655 1116 682 unum

24 717 197 758 coepere
222 709 262 744 et
284 703 429 758 gracili
453 709 640 745 mentum
664 702 893 758 producere
916 709 1049 743 rostro
1057 719 1067 752 ;

23 771 126 814 tum,
151 778 235 818 qua
258 780 302 807 se
327 765 507 806 medium
534 764 679 820 capitis
705 764 926 805 discrimen
950 764 1116 819 agebat,

25 841 120 868 ecce
144 834 326 882 repente,
351 828 465 869 velut
489 828 642 882 patrios
666 827 848 867 imitatus
874 826 1065 876 honores,
1396 840 1461 871 500

23 889 244 944 puniceam
269 890 477 931 concussit
501 905 608 945 apex
631 889 674 930 in
697 889 850 931 vertice
876 889 1042 931 cristam
1050 906 1061 939 ;

25 958 67 992 at
90 952 224 993 mollis
250 952 385 994 varios
410 952 599 994 intexens
623 951 767 1006 pluma
790 951 948 993 colores

23 1029 302 1056 marmoreum
326 1014 485 1056 volucri
509 1014 675 1056 vestivit
699 1014 881 1069 tegmine
906 1028 1056 1068 corpus

23 1075 219 1130 lentaque
242 1083 464 1132 perpetuas
489 1076 687 1118 fuderunt
709 1076 904 1117 bracchia
927 1076 1089 1131 pinnas.

23 1137 120 1180 inde
145 1138 246 1180 alias
270 1146 408 1194 partes
432 1138 643 1192 minioque
667 1138 823 1180 infecta
846 1138 1012 1180 rubenti
1396 1151 1460 1183 505

25 1214 146 1242 crura
168 1215 278 1242 nova
301 1201 454 1242 macies
480 1201 656 1242 obduxit
679 1200 870 1254 squalida
893 1201 990 1254 pelli

24 1269 66 1304 et
88 1263 265 1318 pedibus
290 1264 440 1304 teneris
465 1278 627 1318 ungues
652 1263 795 1304 adfixit
820 1269 976 1304 acutos.

24 1331 66 1366 et
88 1332 227 1366 tamen
251 1325 330 1368 hoc
355 1326 523 1367 demum
547 1326 722 1367 miserae
747 1340 988 1367 succurrere
1012 1333 1135 1381 pacto

24 1387 92 1428 vix
114 1387 250 1429 fuerat
274 1388 438 1443 placida
462 1388 647 1443 Neptuni
673 1388 849 1443 coniuge
874 1388 1060 1443 dignum.

23 1464 252 1503 numquam
278 1450 390 1490 illam
415 1457 510 1504 post
534 1450 636 1492 haec
661 1450 768 1492 oculi
793 1450 935 1491 videre
960 1466 1129 1492 suorum
1397 1465 1461 1496 510

23 1527 253 1567 purpureas
278 1512 385 1553 flavo
410 1513 655 1554 retinentem
681 1512 834 1554 vertice
860 1513 996 1562 vittas,

23 1589 107 1616 non
132 1573 338 1616 thalamus
363 1574 492 1629 Tyrio
517 1574 708 1629 fragrans
733 1575 894 1630 accepit
918 1590 1095 1625 amomo,

23 1637 162 1678 nullae
185 1637 298 1677 illam
323 1637 462 1678 sedes:
488 1637 589 1690 quid
615 1637 722 1678 enim
749 1651 842 1677 cum
868 1637 1036 1679 sedibus
1061 1638 1148 1679 illi?

24 1713 131 1753 quae
156 1699 278 1740 simul
303 1705 349 1740 ut
373 1715 462 1741 sese
487 1714 591 1740 cano
617 1699 667 1740 de
692 1700 859 1754 gurgite
884 1700 1006 1741 velox

25 1776 121 1803 cum
145 1762 281 1803 sonitu
306 1761 359 1803 ad
384 1762 546 1803 caelum
571 1761 838 1803 stridentibus
867 1763 1014 1803 extulit
1039 1763 1112 1804 alis
1397 1776 1460 1806 515

24 1831 66 1866 et
89 1825 266 1866 multum
290 1824 372 1866 late
398 1824 590 1879 dispersit
613 1824 656 1865 in
680 1838 862 1877 aequora
887 1839 1034 1874 rorem,

23 1886 169 1928 infelix
193 1886 310 1941 virgo
336 1887 589 1940 nequiquam
614 1902 638 1928 a
661 1895 793 1928 morte
818 1894 985 1941 recepta

24 1949 227 1991 incultum
253 1950 348 1990 solis
374 1949 417 1990 in
440 1949 613 2004 rupibus
640 1950 768 2004 exigit
793 1965 956 1999 aevum,

24 2011 198 2067 rupibus
224 2018 265 2053 et
288 2011 467 2066 scopulis
493 2019 534 2052 et
556 2012 744 2052 litoribus
771 2012 955 2053 desertis.

25 2088 102 2115 nec
126 2081 265 2115 tamen
289 2073 368 2115 hoc
393 2074 531 2128 ipsum
556 2088 692 2129 poena
717 2074 823 2115 sine:
849 2089 1028 2128 namque
1054 2075 1177 2116 deum
1202 2091 1288 2127 rex,
1398 2088 1462 2119 520

26 2136 165 2178 omnia
190 2136 262 2189 qui
286 2135 459 2191 imperio
484 2143 686 2177 terrarum
710 2136 824 2177 milia
849 2145 999 2186 versat,

27 2205 258 2240 commotus
282 2198 408 2239 talem
434 2198 487 2238 ad
512 2213 683 2253 superos
708 2198 880 2240 volitare
904 2200 1099 2254 puellam,

27 2261 126 2302 dum
151 2267 269 2316 pater
293 2261 498 2302 extinctus
524 2275 648 2302 caeca
672 2261 749 2301 sub
774 2268 896 2302 nocte
920 2263 1079 2311 lateret,

25 2323 84 2364 illi
108 2337 182 2378 pro
207 2323 360 2378 pietate
386 2338 461 2364 sua
486 2323 600 2374 (nam
625 2338 750 2378 saepe
775 2323 981 2365 nitentum

27 2385 229 2440 sanguine
254 2392 467 2426 taurorum
493 2385 669 2440 supplex
693 2394 945 2440 resperserat
969 2402 1075 2436 aras,
1401 2399 1464 2429 525

27 2462 151 2501 saepe
176 2447 300 2488 deum
324 2447 441 2502 largo
467 2447 681 2488 decorarat
706 2463 878 2489 munere
903 2450 1039 2503 sedes)

26 2510 207 2551 reddidit
231 2517 417 2564 optatam
440 2516 599 2551 mutato
625 2525 796 2566 corpore
821 2512 949 2552 vitam

27 2572 208 2625 fecitque
232 2572 275 2612 in
300 2571 418 2613 terris
443 2572 667 2613 haliaeetos
693 2573 777 2614 ales
803 2581 848 2614 ut
874 2580 999 2615 esset:

28 2634 182 2690 quippe
207 2634 356 2689 aquilis
382 2649 546 2690 semper
569 2635 725 2691 gaudet
749 2635 852 2678 deus
877 2636 944 2679 ille
970 2636 1164 2679 coruscis.
