1628 2847
541 131 794 169 AENEIDOS
817 132 914 167 LIB.
938 132 1026 169 XH.
1374 124 1428 166 32
1434 125 1456 166 7

109 236 270 293 relligio
295 243 338 280 et
361 251 467 291 quae
492 237 683 279 caeruleo
709 243 805 278 sunt
828 237 1001 278 numina
1024 243 1171 292 ponto:

110 299 279 341 cesserit
303 299 494 341 Ausonio
519 299 554 340 si
578 299 662 340 fors
687 299 860 340 victoria
884 299 1042 348 Turno,

111 362 305 403 convenit
328 361 518 403 Euandri
543 361 673 403 victos
700 361 911 403 discedere
938 361 991 402 ad
1015 361 1175 410 urbem,

110 424 229 465 cedet
250 424 369 465 Iulus
395 424 519 479 agris,
545 439 622 465 nec
647 430 739 479 post
763 439 878 464 arma
902 424 988 465 ulla
1012 424 1187 465 rebelles

108 486 335 528 Aeneadae
359 486 541 528 referent
563 486 726 528 ferrove
751 486 853 527 haec
877 501 1007 541 regna
1031 487 1250 528 lacessent.

109 547 172 588 sin
195 555 383 589 nostrum
409 549 602 590 adnuerit
625 549 745 590 nobis
770 548 958 591 Victoria
982 549 1166 590 Martem

108 609 171 661 (ut
194 610 331 665 potius
356 625 450 652 reor
475 619 515 652 et
540 611 677 666 potius
704 611 746 652 di
769 611 938 652 numine
963 611 1159 663 firment),

106 687 190 713 non
215 687 294 728 ego
318 687 395 714 nec
419 673 593 715 Teucris
617 673 746 714 Italos
769 688 915 728 parere
939 673 1093 714 iubebo

106 748 184 776 nec
207 734 308 775 mihi
332 750 462 790 regna
486 742 603 790 peto:
633 735 803 791 paribus
827 750 872 777 se
896 735 1060 790 legibus
1085 735 1234 777 ambae

106 796 284 838 invictae
310 804 458 852 gentes
483 804 652 839 aeterna
675 798 718 839 in
742 797 912 839 foedera
937 797 1115 838 mittant.

108 874 225 901 sacra
251 860 435 914 deosque
459 860 587 910 dabo3
613 875 730 902 socer
754 876 870 902 arma
893 860 1073 901 Latinus
1099 859 1265 909 habeto,

106 920 328 976 imperium
353 922 552 964 sollemne
578 937 712 971 socer3
738 922 840 963 mihi
864 922 1028 964 moenia
1052 921 1205 963 Teucri

107 984 359 1025 constituent
381 984 559 1038 urbique
586 984 701 1025 dabit
726 984 907 1026 Lavinia
930 984 1109 1025 nomen?

106 1046 166 1087 sic
188 1046 300 1101 prior
323 1047 491 1088 Aeneas
500 1063 510 1096 3
536 1047 722 1100 sequitur
747 1047 806 1088 sic
830 1046 980 1088 deinde
1004 1046 1199 1095 Latinus,

106 1109 335 1164 suspiciens
361 1110 536 1158 caelum,
562 1109 777 1164 tenditque
803 1109 856 1150 ad
881 1109 1016 1151 sidera
1041 1109 1249 1150 dextram:

106 1170 229 1213 ‘haec
254 1171 412 1220 eadem,
438 1173 601 1221 Aenea,
626 1179 793 1221 terram,
821 1187 946 1221 mare,
974 1171 1110 1212 sidera
1133 1171 1237 1220 iuro,

104 1232 381 1288 Latonaeque
406 1249 540 1288 genus
566 1234 723 1289 duplex
746 1234 980 1288 Ianumque
1004 1233 1230 1274 bifrontem

105 1296 273 1350 vimque
298 1296 423 1337 deum
447 1296 654 1337 infernam
679 1303 719 1338 et
745 1296 837 1337 duri
863 1295 1043 1337 sacraria
1068 1295 1199 1344 Ditis3

105 1358 248 1400 audiat
270 1358 374 1400 haec
398 1359 575 1413 genitor,
601 1358 673 1412 qui
697 1358 868 1400 foedera
891 1357 1067 1399 fulmine
1092 1357 1236 1398 sancit.

104 1427 232 1475 tango
257 1435 363 1470 aras,
388 1421 545 1462 medios
569 1420 677 1475 ignis
704 1427 744 1462 et
769 1420 942 1461 numina
966 1427 1113 1462 testor:

103 1483 219 1524 nulla
243 1482 329 1524 dies
355 1497 502 1538 pacem
527 1482 635 1524 hanc
660 1482 778 1523 Italis
802 1497 880 1524 nec
904 1483 1075 1524 foedera
1099 1489 1277 1536 rumpet,

104 1559 187 1599 quo
211 1560 277 1586 res
303 1559 481 1599 cumque
507 1545 669 1594 cadent,
694 1559 772 1586 nec
796 1560 863 1586 me
888 1545 949 1586 vis
974 1545 1060 1585 ulla
1084 1544 1293 1585 volentem

104 1614 276 1656 avertet,
300 1622 397 1656 non,
424 1607 458 1648 si
484 1608 674 1648 tellurem
700 1606 888 1648 effundat
911 1607 954 1648 in
979 1607 1124 1655 undas,

104 1669 261 1712 diluvio
286 1669 477 1718 miscens,
504 1669 750 1723 caelumque
773 1669 816 1710 in
841 1669 1018 1710 Tartara
1046 1669 1197 1718 solvat3

103 1740 151 1774 ut
175 1738 385 1786 sceptrum
409 1731 505 1772 hoc'
532 1732 696 1783 (dextra
720 1738 931 1787 sceptrum
956 1747 1053 1772 nam
1078 1731 1183 1772 forte
1209 1732 1397 1786 gerebat)

103 1799 351 1847 ‘numquam
375 1793 523 1835 fronde
547 1794 629 1835 levi
653 1793 802 1834 fundet
827 1794 1007 1849 virgulta
1031 1808 1109 1835 nec
1134 1794 1318 1844 umbras,

104 1872 199 1899 cum
226 1855 353 1897 semel
377 1856 420 1897 in
444 1855 557 1897 silvis
581 1856 665 1897 imo
691 1856 742 1897 de
768 1856 895 1911 stirpe
919 1856 1098 1898 recisum

102 1926 234 1961 matre
260 1924 372 1960 caret
395 1919 617 1973 posuitque
642 1933 782 1960 comas
809 1926 849 1960 et
874 1919 1069 1960 bracchia
1093 1919 1223 1969 ferro,

104 1982 202 2023 olim
226 1980 361 2028 arbos,
385 1995 498 2022 nunc
523 1981 690 2022 artificis
716 1996 864 2022 manus
890 1996 984 2022 aere
1010 1981 1160 2022 decoro

102 2043 271 2084 inclusit
294 2042 567 2097 patribusque
592 2042 707 2085 dedit
730 2050 896 2098 gestare
920 2043 1113 2084 Latinis.'

103 2104 256 2146 talibus
280 2104 388 2146 inter
412 2119 455 2145 se
480 2104 703 2145 firmabant
727 2105 899 2146 foedera
924 2105 1043 2146 dictis

103 2173 328 2222 conspectu
351 2166 394 2207 in
417 2166 556 2207 medio
581 2181 813 2221 procerum.
861 2174 951 2208 tum
976 2167 1052 2208 rite
1079 2176 1262 2210 sacratas

102 2230 146 2271 in
169 2229 380 2270 flammam
403 2228 597 2284 iugulant
619 2229 802 2284 pecudes
829 2235 869 2271 et
893 2229 1053 2271 viscera
1077 2230 1183 2271 vivis

105 2291 284 2347 eripiunt
308 2291 604 2345 cumulantque
630 2292 808 2333 oneratis
831 2292 1021 2333 lancibus
1047 2307 1154 2334 aras.

160 2354 222 2395 At
244 2367 343 2395 vero
369 2353 535 2395 Rutulis
559 2354 680 2409 inpar
703 2369 752 2396 ea
776 2369 920 2410 pugna
946 2355 1078 2396 videri

102 2415 349 2458 iamdudum
372 2422 414 2457 et
437 2416 552 2457 vario
576 2416 741 2458 misceri
764 2424 933 2472 pectora
958 2424 1074 2458 motu
1083 2433 1093 2466 3

103 2485 193 2520 tum
217 2478 364 2533 magis,
388 2485 436 2520 ut
458 2478 630 2534 propius
656 2486 829 2520 cernunt
854 2494 938 2521 non
963 2480 1121 2521 viribus
1146 2481 1302 2535 aequis.

105 2541 276 2582 adiuvat
298 2540 463 2582 incessu
488 2541 614 2582 tacito
639 2556 884 2597 progressus
910 2548 951 2583 et
975 2557 1090 2584 aram

105 2603 345 2659 suppliciter
369 2619 570 2646 venerans
597 2603 777 2646 demisso
801 2604 958 2647 lumine
982 2604 1151 2647 Turnus

1485 433 1548 465 185

1487 743 1549 774 190

1486 1055 1548 1086 195

1484 1369 1549 1401 200

1483 1681 1546 1712 205

1483 1995 1547 2026 210

1481 2618 1546 2650 220
