1622 2847
161 166 241 210 124
575 177 617 212 P.
640 177 849 214 VERGILI
874 178 1098 215 MARONIS

157 281 300 323 ulcisci
325 281 502 337 patriam
527 289 568 324 et
591 282 811 324 sceleratas
838 298 999 325 sumere
1025 299 1191 338 poenas.

158 345 333 386 ‘scilicet
357 345 459 386 haec
486 344 682 399 Spartam
708 345 926 387 incolumis
954 347 1192 402 patriasque
1216 349 1421 404 Mycenas

158 406 329 460 aspiciet
352 413 555 461 partoque
579 407 656 447 ibit
679 407 824 461 regina
849 407 1057 462 triumpho

109 509 111 511 ,
157 469 481 523 coniugiumque
507 469 760 522 domumque
785 476 923 524 patres
948 477 1150 524 natosque
1175 472 1345 522 videbit,

67 541 132 573 580
156 530 335 572 Iliadum
361 531 483 572 turba
507 537 548 572 et
570 531 769 587 Phrygiis
796 531 990 573 comitata
1015 533 1230 583 ministris3

157 594 355 634 occiderit
378 593 487 634 ferro
511 594 719 643 Priamus,
745 594 872 635 Troia
897 595 1041 636 arserit.
1065 595 1164 650 igni,

156 656 420 698 Dardanium
445 656 593 697 totiens
619 657 777 697 sudarit
801 657 1003 711 sanguine
1028 658 1148 699 litus?

156 733 240 760 non
264 718 333 759 ita.
381 733 565 772 namque
591 719 667 760 etsi
691 719 850 760 nullum
876 720 1144 762 memorabile
1170 735 1322 761 nomen

157 780 337 822 feminea
361 781 403 821 in
428 795 564 835 poena
589 788 663 830 est,
689 781 816 822 habet
839 781 943 823 haec
967 782 1138 823 victoria
1163 783 1347 824 laudem:

67 854 131 886 585
157 843 383 885 extinxisse
407 843 526 884 nefas
552 850 691 885 tamen
717 850 758 885 et
782 844 1008 898 sumpsisse
1033 845 1228 886 merentis

156 905 360 946 laudabor
383 919 552 960 poenas,
578 906 846 959 animumque
873 906 1060 960 explesse
1086 907 1245 947 iuvabit

156 970 177 1019 †
202 967 359 1008 ultricis
385 967 541 1008 famam
567 974 609 1008 et
633 968 792 1008 cineres
818 968 988 1009 satiasse
1014 968 1227 1009 meorum.’

156 1030 255 1070 talia
279 1029 485 1070 iactabam
511 1036 552 1071 et
575 1029 727 1070 furiata
752 1036 890 1070 mente
916 1029 1100 1085 ferebar]

158 1106 252 1133 cum
278 1091 379 1132 mihi
403 1107 460 1141 se,
486 1106 568 1132 non
594 1098 690 1133 ante
716 1091 847 1132 oculis
874 1099 959 1132 tam
985 1092 1108 1141 clara,
1134 1092 1357 1133 videndam

67 1163 132 1194 590
157 1153 308 1195 obtulit
332 1160 373 1195 et
396 1169 502 1208 pura
526 1169 600 1208 per
624 1160 789 1195 noctem
814 1154 856 1194 in
881 1154 974 1195 luce
998 1154 1162 1196 refulsit

157 1216 267 1257 alma
290 1231 453 1270 parens,
481 1216 671 1257 confessa
697 1215 818 1257 deam
843 1215 1060 1269 qualisque
1087 1216 1217 1257 videri

157 1278 362 1320 caelicolis
388 1285 427 1320 et
453 1285 609 1332 quanta
633 1279 749 1327 solet,
776 1278 1004 1332 dextraque
1030 1279 1277 1332 prehensum

158 1341 361 1382 continuit
383 1355 586 1394 roseoque
611 1340 714 1382 haee
739 1340 910 1396 insuper
935 1340 1094 1381 addidit
1118 1356 1207 1381 ore:

158 1408 286 1454 ‘nate‚
313 1403 405 1458 quis
430 1403 652 1445 indomitas
677 1410 816 1444 tantus
843 1403 960 1444 dolor
985 1403 1138 1444 excitat
1160 1403 1266 1444 iras?

68 1480 132 1511 595
158 1466 259 1520 quid
283 1465 386 1506 furis
412 1472 484 1506 aut
508 1480 690 1519 quonam
715 1465 844 1506 nostri
869 1465 943 1506 tibi
969 1480 1068 1506 cura
1091 1466 1284 1507 recessit?

156 1543 240 1570 non
264 1528 378 1583 prius
405 1528 592 1583 aspicies,
619 1528 691 1569 ubi
716 1528 872 1570 fessum
898 1534 1033 1569 aetate
1058 1535 1273 1583 parentem

157 1591 327 1644 liqueris
353 1591 582 1640 Anchisen,
609 1598 775 1646 superet
802 1591 1036 1631 coniunxne
1063 1589 1237 1638 Creusa,

158 1653 451 1706 Ascaniusque
477 1654 605 1708 puer?
630 1668 734 1708 quos
759 1653 891 1694 omnis
917 1653 1101 1706 undique
1128 1651 1283 1694 Graiae

160 1716 315 1757 circum
341 1723 480 1757 errant
504 1716 613 1757 acies
641 1722 693 1765 et,
719 1715 761 1756 ni
787 1730 880 1756 mea
904 1730 1003 1756 cura
1027 1715 1204 1763 resistat,

20 1811 38 1817 -.
69 1778 241 1822 <moriam
265 1779 456 1819 flammae
482 1778 650 1819 tulerint
673 1777 864 1818 inimicus
890 1784 930 1818 et
954 1777 1138 1818 hauserit
1162 1777 1284 1819 ensis.

158 1855 241 1881 non
266 1840 341 1881 tibi
366 1840 619 1894 Tyndaridis
645 1840 772 1882 facies
799 1840 932 1880 invisa
956 1839 1177 1881 Lacaenae

160 1903 402 1958 culpatusve
427 1903 567 1951 Paris3
595 1903 737 1943 divum
762 1902 1041 1951 inclementia,
1070 1902 1227 1950 divum,

160 1966 234 2006 has
260 1965 407 2007 evertit
431 1980 531 2020 opes
557 1965 787 2019 sternitque
813 1980 837 2006 a
862 1964 1040 2007 culmine
1065 1965 1248 2006 Troiam.

161 2028 298 2082 aspice
325 2030 521 2081 (namque
546 2043 726 2075 omnem,
753 2042 860 2081 quae
885 2042 995 2068 nunc
1020 2027 1201 2069 obducta
1226 2027 1358 2068 tuenti

71 2101 134 2132 605
160 2090 344 2131 mortalis
371 2090 538 2131 hebetat
563 2090 677 2130 visus
702 2089 778 2130 tibi
803 2096 842 2131 et
867 2090 1010 2130 umida
1035 2089 1191 2131 circum

161 2153 325 2207 caligat,
351 2153 505 2193 nubem
531 2153 720 2207 cripiam3
746 2160 791 2193 tu
815 2167 953 2206 nequa
976 2152 1157 2207 parentis

161 2216 272 2256 iu'ssa
297 2215 395 2256 time
420 2230 501 2256 neu
527 2215 758 2269 praeceptis
783 2230 929 2269 parere
953 2215 1137 2266 recusa):

162 2277 242 2326 hic,
268 2277 341 2318 ubi
367 2277 559 2318 disiectas
584 2277 713 2318 moles
740 2278 965 2330 avolsaque
991 2277 1100 2317 saxis

162 2355 263 2381 saxa
287 2339 404 2381 vides
429 2340 642 2393 mixtoque
667 2340 893 2381 undantem
917 2340 1088 2394 pulvere
1113 2338 1290 2388 fumum,

73 2415 137 2445 610
162 2403 384 2456 Neptunus
409 2416 549 2443 muros
576 2416 810 2457 magnoque
837 2408 973 2444 emota
996 2401 1162 2443 tridenti

163 2465 436 2506 fundamenta
461 2464 595 2518 quatit
619 2471 830 2518 totamque
856 2481 880 2506 a
906 2464 1073 2506 sedibus
1099 2464 1245 2505 urbem

164 2527 281 2568 eruit.
332 2526 398 2567 hic
422 2527 528 2567 Iuno
555 2526 709 2568 Scaeas
736 2527 976 2568 saevissima
1000 2533 1140 2581 portas

163 2589 298 2644 prima
322 2595 435 2630 tenet
459 2589 700 2643 sociumque
725 2589 866 2631 furens
893 2605 916 2630 a
940 2589 1116 2630 navibus
1143 2602 1293 2643 agmen

125 2706 132 2711 st
166 2652 275 2696 ferro
301 2651 486 2693 accincta
510 2658 643 2697 vocat.
