1628 2847
88 322 152 354 300

86 633 149 665 305

84 947 149 978 310

83 1260 147 1290 315

83 1572 148 1603 320

81 1886 145 1916 325

82 2199 146 2230 330

83 2511 146 2543 335

178 136 262 179 330
596 145 639 180 P.
658 143 870 181 VERGILI
894 145 1119 183 MARoNIS

177 248 345 304 corripit
368 255 409 291 et
433 249 614 291 venienti
637 248 783 290 Ebuso
808 249 1060 305 plagamque
1089 249 1238 291 ferenti

177 319 354 367 occupat
377 326 422 354 os
447 311 643 353 fiammis:
669 311 739 352 olli
763 311 911 367 ingens
937 312 1069 353 barba
1095 313 1247 353 reluxit

175 374 448 428 nidoremque
473 374 665 415 ambusta
689 374 803 415 dedit
813 390 823 422 3
849 389 975 429 super
1003 374 1092 429 ipse
1118 382 1283 416 secutus

175 437 400 478 caesariem
424 436 544 478 laeva
569 436 723 477 turbati
748 436 919 490 corripit
943 436 1071 477 hostis

173 499 445 554 inpressoque
469 513 580 553 genu
604 498 739 539 nitens
765 505 898 539 terrae
924 498 1105 553 applicat
1128 499 1265 553 ipsum
1274 515 1285 548 3

175 561 235 602 sie
259 561 393 616 rigido
418 561 525 601 latus
551 575 648 602 ense
673 560 779 601 ferit.
827 559 1065 601 Podalirius
1090 561 1256 610 Alsum,

174 630 384 678 pastorem
408 623 626 678 primaque
651 623 739 664 acie
765 637 838 676 per
862 622 946 664 tela
969 629 1172 671 ruentem,

178 701 275 727 ense
301 700 478 739 sequens
503 685 617 726 nudo
644 684 977 740 superimminet:
1003 684 1070 726 ille
1097 684 1231 726 securi

174 747 338 790 adversi
362 747 540 788 frontem
566 747 748 789 mediam
773 753 1046 800 mentumque
1070 747 1241 788 reducta

175 810 310 851 disicit
334 816 375 851 et
399 824 542 865 sparso
567 810 649 851 late
673 809 782 863 rigat
807 824 922 850 arma
947 823 1106 850 cruore.

175 873 245 913 olli
271 872 376 913 dura
401 872 518 926 quies
544 872 687 913 oculos
712 878 753 913 et
777 871 936 913 ferreus
961 878 1083 926 urget

174 950 357 984 somnus,
381 935 424 975 in
449 942 660 977 aeternam
686 934 937 975 clauduntur
960 933 1119 975 lumina
1143 940 1319 976 noctem.

230 999 290 1039 At
314 997 407 1052 pius
432 998 602 1038 Aeneas
628 997 816 1038 dextram
842 996 1041 1037 tendebat
1065 996 1267 1037 inermem

172 1060 330 1102 nudato
357 1059 491 1114 capite
517 1066 641 1113 atque
667 1073 762 1100 suos
789 1058 968 1100 clamore
994 1059 1189 1099 vocabat:

173 1128 274 1177 ‘quo
299 1122 444 1164 ruitis?
475 1137 636 1176 quaeve
661 1122 740 1163 ista
763 1137 912 1176 repens
938 1121 1145 1162 discordia
1170 1121 1328 1176 surgit?

173 1200 198 1226 o
224 1185 415 1227 cohibete
440 1185 542 1226 iras!
568 1184 697 1226 ictum
721 1185 805 1225 iam
829 1184 977 1225 foedus
1003 1190 1044 1225 et
1068 1198 1211 1225 omnes

173 1248 426 1303 compositae
451 1248 585 1302 leges3
611 1246 713 1287 mihi
737 1246 802 1288 ius
828 1261 1074 1288 concurrere
1098 1246 1175 1287 soli
1184 1262 1194 1295 3

172 1326 238 1352 me
263 1310 382 1351 sinite
408 1316 532 1364 atque
558 1309 718 1350 auferte
742 1315 878 1350 metus
888 1325 898 1358 3
926 1323 1004 1363 ego
1030 1308 1202 1350 foedera
1226 1307 1324 1349 faxo

172 1374 292 1414 firma
317 1388 443 1414 manu
452 1389 462 1422 ;
488 1372 681 1413 Turnum
706 1371 862 1413 debent
889 1371 993 1413 haec
1016 1371 1101 1412 iam
1125 1371 1225 1411 mihi
1251 1369 1395 1412 sacra.'

172 1436 247 1477 has
273 1435 380 1476 inter
405 1449 542 1484 voces,
569 1434 706 1475 media
730 1434 837 1475 inter
862 1434 961 1475 talia
984 1434 1125 1483 verba,

173 1513 267 1540 ecce
293 1498 382 1539 viro
408 1497 584 1539 stridens
610 1497 686 1538 alis
712 1496 883 1552 adlapsa
907 1496 1059 1551 sagitta
1085 1503 1159 1545 est,

173 1561 377 1602 incertum
402 1575 486 1614 qua
510 1560 631 1615 pulsa
655 1575 796 1609 manu,
823 1573 906 1613 quo
932 1559 1097 1600 turbine
1123 1558 1284 1608 adacta,

171 1624 263 1678 quis
289 1630 447 1664 tantam
472 1622 639 1664 Rutulis
665 1622 845 1671 laudem,
873 1636 1050 1663 casusne
1076 1621 1247 1671 deusne,

172 1686 374 1727 attulerit:
401 1700 544 1741 pressa
569 1691 631 1726 est
655 1684 829 1740 insignis
854 1684 988 1739 gloria
1011 1684 1111 1725 faeti

171 1763 250 1790 nec
274 1763 364 1789 sese
390 1749 562 1789 Aeneae
587 1747 757 1788 iactavit
782 1747 953 1789 vulnere
979 1747 1214 1801 quisquam.

172 1811 355 1859 Turnus,
381 1817 427 1851 ut
455 1812 629 1851 Aenean
655 1809 872 1851 cedentem
897 1825 948 1851 ex
973 1809 1140 1864 agmine
1166 1808 1270 1849 vidit

172 1874 441 1927 turbatosque
468 1873 608 1922 duces,
635 1873 774 1913 subita
798 1887 870 1927 spe
896 1872 1082 1914 fervidus
1108 1871 1245 1920 ardet3

170 1937 305 1992 poscit
329 1950 456 1990 equos
482 1943 607 1989 atque
632 1950 747 1976 arma
771 1934 895 1976 simul
920 1935 1112 1989 saltuque
1138 1933 1345 1988 superbus

173 1999 324 2041 emicat
348 1999 392 2039 in
417 2013 584 2039 currum
610 2005 650 2039 et
674 1997 867 2038 manibus
891 1997 1060 2038 molitur
1085 1996 1283 2038 habenas.

176 2062 308 2103 multa
333 2061 467 2102 virum
494 2061 669 2102 volitans
696 2060 767 2101 dat
790 2060 914 2101 fortia
938 2074 1111 2115 corpora
1135 2059 1257 2108 Leto,

172 2124 400 2166 semineces
428 2123 557 2164 volvit
581 2123 734 2164 multos
761 2130 832 2164 aut
857 2122 1026 2177 agmina
1050 2137 1174 2163 curru

171 2187 345 2243 proterit
370 2193 443 2227 aut
466 2193 607 2241 raptas
632 2185 891 2241 fugientibus
916 2185 1069 2240 ingerit
1093 2185 1248 2226 hastas.

171 2249 305 2304 qualis
330 2248 442 2303 apud
468 2248 595 2303 gelidi
621 2262 715 2289 cum
741 2248 913 2288 flumina
939 2248 1124 2289 concitus
1149 2246 1284 2288 Hebri

172 2311 426 2367 sanguineus
450 2310 625 2352 Mavors
651 2310 784 2365 clipeo
808 2311 996 2365 increpat
1021 2316 1146 2363 atque
1171 2307 1346 2350 furentis

172 2375 282 2416 bella
306 2388 478 2415 movens
503 2372 674 2414 inmittit
698 2387 846 2426 equos3
872 2373 931 2413 illi
957 2387 1135 2426 aequore
1161 2378 1302 2426 aperto

175 2444 269 2478 ante
294 2444 413 2477 notos
440 2436 754 2491 zephyr-umque
778 2435 935 2484 volant,
961 2434 1092 2490 gemit
1115 2434 1261 2475 ultima
1284 2433 1408 2488 pulsu

172 2500 338 2541 Thraca
362 2499 516 2553 pedum
543 2498 783 2552 circumque
809 2505 923 2539 atrae
948 2497 1200 2539 Formidinis
1226 2511 1298 2538 ora

172 2563 350 2615 Iraeque
374 2561 653 2615 Insidiaeque,
679 2560 745 2602 dei
771 2560 1004 2609 comitatus,
1033 2566 1232 2614 aguntur:

173 2624 266 2666 talis
292 2637 422 2678 equos
447 2623 583 2665 alacer
607 2623 745 2664 media
768 2622 876 2666 inter
899 2622 1056 2678 proelia
1081 2622 1250 2662 Turnus
