1622 2847
529 124 819 162 GEORGICON
841 125 936 160 LIB.
961 125 989 161 I.

91 227 212 271 multi
236 236 326 272 ante
351 242 544 271 occasum
567 228 710 272 Maiae
741 243 930 284 coepere3
957 228 1030 271 sed
1052 228 1144 271 illos

93 297 307 346 expectata
331 307 450 347 seges
473 291 591 333 vanis
616 291 739 333 elusit
763 291 918 332 aristis.'

92 353 126 394 si
151 367 248 394 vero
272 354 501 408 viciamque
525 369 635 395 seres
660 354 867 407 vilemque
892 352 1110 408 phaselum

91 428 168 456 nec
191 414 431 457 Pelusiacae
456 430 598 456 curam
623 415 901 470 aspernabere
925 415 1060 463 lentis,

91 475 205 517 haud
228 476 400 519 obscura
425 478 576 519 cadens
601 477 736 519 mittet
759 477 835 518 tibi
860 477 980 531 signa
1005 477 1168 525 bootes;

90 538 226 592 incipe
250 544 291 579 et
314 539 365 580 ad
388 539 546 581 medias
570 546 798 580 sementem
824 539 1000 579 extende
1025 538 1209 593 pruinas.

145 599 307 641 Idcirco
332 602 450 643 certis
476 602 708 642 dimensum
733 601 921 656 partibus
947 601 1090 641 orbem

90 676 164 716 per
188 661 377 704 duodena
400 663 507 718 regit
531 663 676 704 mundi
702 663 762 704 sol
787 677 937 703 aureus
963 670 1084 703 astra.

91 723 274 777 quinque
297 731 438 765 tenent
462 724 624 766 caelum
647 738 795 766 zonae:
821 737 998 777 quarum
1023 738 1106 764 una
1131 737 1301 764 corusco

90 800 253 840 semper
276 786 362 827 sole
386 787 537 828 rubens
563 793 602 827 et
626 786 782 827 torrida
805 801 969 840 semper
993 785 1045 826 ab
1069 785 1175 840 igni3

90 861 217 901 quam
240 847 396 889 circum
421 859 629 890 extremae
655 848 801 890 dextra
825 848 1027 901 laevaque
1052 847 1273 888 trahuntur

90 910 316 959 caeruleae,
341 911 473 966 glacie
499 919 714 952 concretae
739 917 864 964 atque
888 910 1090 950 imbribus
1116 909 1212 950 atris
1221 925 1232 958 3

88 971 163 1013 has
187 972 293 1014 inter
315 973 578 1026 mediamque
603 973 709 1014 duae
735 973 978 1013 mortalibus
1004 972 1138 1027 aegris

89 1049 260 1076 munere
285 1049 506 1076 concessae
531 1035 683 1083 divom,
710 1042 748 1076 et
773 1035 840 1076 via
864 1042 975 1076 secta
1000 1049 1073 1089 per
1097 1034 1255 1083 ambas,

91 1096 283 1150 obliquus
307 1111 390 1150 qua
415 1112 458 1138 se
484 1097 696 1152 signorum
722 1105 899 1138 verteret
924 1097 1037 1137 ordo.

88 1158 268 1199 mundus
292 1166 339 1199 ut
363 1158 416 1200 ad
441 1158 657 1213 Scythiam
682 1159 976 1214 Rhipaeasque
1001 1158 1155 1199 arduus
1181 1173 1296 1200 arces

89 1221 313 1276 consurgit,
338 1221 539 1276 premitur
563 1221 728 1276 Libyae
755 1222 939 1262 devexus
963 1221 1005 1261 in
1031 1228 1205 1262 austros.

88 1283 155 1324 hic
179 1291 321 1324 vertex
345 1283 466 1324 nobis
492 1299 654 1338 semper
684 1284 893 1332 sublimis3
919 1290 961 1324 at
984 1283 1101 1324 illum

88 1346 166 1387 sub
190 1345 366 1400 pedibus
393 1345 500 1401 Styx
525 1355 613 1387 atra
638 1346 750 1387 videt
774 1360 1001 1399 manesque
1025 1345 1234 1400 profundi.

88 1423 309 1449 maxumus
333 1408 400 1449 hic
424 1409 536 1449 flexu
561 1408 730 1450 sinuoso
755 1408 932 1450 elabitur
957 1408 1106 1463 anguis

88 1470 244 1512 circum
267 1485 424 1524 perque
449 1471 552 1512 duas
576 1471 619 1511 in
643 1485 801 1512 morem
824 1470 1005 1511 fluminis
1031 1478 1179 1520 arctos,

87 1539 222 1574 arctos
249 1531 411 1574 Oceani
436 1540 667 1575 metuentes
692 1547 872 1586 aequore
898 1533 1044 1588 tingui.

86 1595 184 1644 illic,
209 1601 255 1635 ut
278 1594 512 1649 perhibent,
538 1602 611 1636 aut
634 1595 883 1650 intempesta
907 1595 998 1636 silet
1022 1609 1105 1635 nox

87 1671 249 1712 semper
273 1665 314 1699 et
339 1657 508 1698 obtenta
532 1657 757 1698 densantur
780 1666 902 1698 nocte
927 1657 1138 1706 tenebrae,

88 1726 160 1760 aut
183 1719 289 1761 redit
312 1734 337 1760 a
360 1719 479 1760 nobis
504 1719 672 1761 Aurora
697 1719 890 1772 diemque
915 1719 1094 1768 reducit3

87 1795 246 1835 nosque
270 1781 342 1822 ubi
366 1782 523 1836 primus
548 1781 666 1835 equis
691 1780 844 1822 Oriens
870 1781 1039 1822 adflavit
1063 1781 1236 1831 anhelis,

86 1844 170 1885 illic
193 1858 286 1885 sera
308 1844 462 1885 rubens
488 1843 677 1885 accendit
700 1843 859 1885 lumina
883 1844 1056 1898 Vesper.

88 1906 184 1947 hinc
208 1913 474 1961 tempestates
500 1906 628 1947 dubio
652 1905 913 1960 praediscere
939 1906 1052 1947 caelo

87 1983 321 2024 possumus,
347 1967 443 2009 hinc
467 1968 697 2022 messisque
723 1968 834 2009 diem
859 1976 1107 2022 tempusque
1132 1967 1307 2016 serendi,

88 2038 129 2073 et
153 2030 320 2084 quando
344 2030 518 2071 infidum
542 2031 666 2072 remis
690 2030 902 2085 impellere
927 2045 1107 2071 marmor

89 2092 319 2141 conveniat,
344 2093 512 2146 quando
537 2099 716 2134 armatas
741 2092 947 2134 deducere
972 2092 1128 2141 classis,

89 2162 161 2196 aut
182 2155 472 2209 tempestivam
497 2155 609 2196 silvis
634 2161 817 2196 evertere
842 2154 998 2208 pinum.

144 2216 235 2258 Nec
258 2217 411 2258 frustra
436 2217 649 2271 signorum
674 2217 811 2257 obitus
836 2217 1100 2271 speculamur
1125 2224 1163 2257 et
1189 2224 1302 2258 ortus

89 2279 427 2333 temporibusque
451 2295 594 2334 parem
619 2279 794 2321 diversis
819 2287 1014 2332 quattuor
1038 2294 1206 2319 annum.

90 2341 266 2395 frigidus
290 2342 514 2396 agricolam
540 2341 742 2395 siquando
768 2342 950 2382 continet
974 2341 1119 2390 imber,

90 2403 234 2452 multa,
259 2402 394 2444 forent
418 2418 524 2457 quae
549 2412 643 2459 post
669 2403 783 2444 caelo
808 2403 1069 2458 properanda
1093 2417 1252 2453 sereno,

90 2472 298 2506 maturare
323 2465 461 2507 datur:
488 2466 637 2507 durum
662 2465 853 2520 procudit
877 2473 1014 2507 arator

91 2527 269 2569 vomeris
293 2527 460 2569 obtunsi
485 2528 664 2577 dentem,
691 2535 811 2569 cavat
835 2528 982 2569 arbore
1006 2527 1163 2577 lintres,

94 2596 165 2631 aut
188 2589 326 2645 pecori
351 2589 516 2645 signum
542 2597 614 2632 aut
637 2604 832 2632 numeros
856 2590 1049 2645 inpressit
1074 2590 1244 2632 acervis.

1160 2656 1212 2691 35⁶

1375 112 1430 157 35

1454 235 1518 266 225

1456 854 1520 884 235

1457 1165 1521 1196 240

1458 1476 1521 1507 245

1457 1788 1522 1819 250

1457 2098 1520 2130 255

1459 2410 1523 2440 260
