1660 2847
566 166 819 204 AENEIDOS
843 166 938 202 LIB.
964 165 1030 202 IV.

556 540 1053 595 AENEIDOS

656 747 846 785 LIBER
876 746 945 785 IV.

185 892 247 933 At
269 892 416 948 regina
439 892 558 948 gravi
581 890 826 933 iamdudum
853 890 994 932 saucia
1019 904 1119 932 cura

129 954 280 996 vulnus
305 956 377 996 alit
400 954 516 996 venis
542 961 582 996 et
606 967 729 996 caeco
755 953 937 1008 carpitur
960 953 1059 1008 igni.

129 1017 261 1058 multa
284 1017 361 1058 viri
385 1017 514 1058 virtus
540 1017 678 1058 animo
702 1016 942 1069 multusque
966 1021 1152 1057 recursat

129 1079 266 1133 gentis
290 1079 434 1128 honos,
459 1079 632 1120 haerent
654 1078 770 1118 infixi
793 1084 960 1132 pectore
984 1077 1124 1118 vultus

129 1141 341 1195 verbaque
364 1156 442 1183 nec
465 1141 673 1197 placidam
696 1140 895 1181 membris
920 1139 992 1180 dat
1017 1154 1116 1181 cura
1139 1140 1333 1194 quietem.

128 1210 295 1258 postera
317 1203 517 1245 Phoebea
540 1203 745 1244 lustrabat
769 1202 961 1257 lampade
987 1208 1117 1243 terras

128 1273 425 1320 umentemque
451 1267 618 1307 Aurora
642 1266 737 1320 polo
763 1265 994 1306 dimoverat
1017 1264 1222 1314 umbram,

129 1342 224 1369 cum
249 1328 308 1370 sic
332 1329 571 1370 unanimam
597 1327 833 1382 adloquitur
857 1327 965 1368 male
990 1342 1092 1368 sana
1116 1342 1318 1369 sororem:

129 1391 276 1432 ‘Anna
300 1406 427 1440 soror,
454 1405 560 1445 quae
585 1406 652 1432 me
676 1405 920 1445 suspensam
944 1390 1150 1431 insomnia
1173 1390 1346 1432 terrent!

128 1452 221 1506 quis
245 1467 378 1495 novus
404 1453 470 1495 hic
494 1453 643 1494 nostris
668 1453 867 1495 successit
891 1452 1059 1494 sedibus
1084 1452 1250 1507 hospes,

128 1529 252 1568 quem
278 1530 368 1557 sese
392 1530 463 1556 ore
488 1516 638 1564 ferens,
664 1529 790 1568 quam
815 1514 910 1555 forti
935 1521 1101 1569 pectore
1128 1522 1165 1555 et
1192 1514 1333 1555 armis!

128 1577 252 1619 credo
278 1578 485 1632 equidem,
510 1593 589 1619 nec
614 1593 722 1619 vana
745 1577 863 1626 fides,
890 1591 1021 1632 genus
1047 1591 1139 1618 esse
1164 1577 1349 1619 deorum.

129 1640 355 1696 degeneres
381 1640 540 1682 animos
565 1640 687 1681 timor
712 1639 862 1695 arguit.
910 1639 991 1681 heu
1017 1639 1168 1692 quibus
1193 1639 1261 1681 ille

127 1702 303 1744 iactatus
328 1702 444 1744 fatis!
471 1717 578 1756 quae
604 1702 712 1744 bella
737 1702 941 1743 exhausta
966 1701 1159 1743 canebat!

130 1765 164 1806 si
188 1764 289 1806 mihi
311 1780 395 1806 non
420 1765 557 1806 animo
582 1765 711 1806 fixum
735 1764 1037 1817 immotumque
1062 1764 1237 1813 sederet,

128 1827 250 1868 necui
273 1842 340 1869 me
364 1827 499 1869 vinclo
524 1827 674 1868 vellem
700 1826 858 1868 sociare
882 1826 1025 1882 iugali,

129 1897 348 1944 postquam
371 1889 531 1945 primus
557 1903 671 1930 amor
696 1889 909 1943 deceptam
935 1895 1066 1929 morte
1092 1887 1256 1937 fefellit3

130 1951 165 1993 si
188 1966 271 1993 non
293 1959 530 2007 pertaesum
554 1950 726 1992 thalami
750 1950 979 2004 taedaeque
1004 1950 1164 2000 fuisset,

130 2013 228 2056 huic
250 2014 324 2055 uni
346 2014 487 2055 forsan
512 2013 630 2068 potui
655 2013 926 2054 succumbere
951 2012 1112 2067 culpae.

132 2077 271 2126 Anna,
295 2076 458 2118 fatebor
482 2075 604 2125 enim,
629 2075 769 2116 miseri
793 2082 887 2130 post
910 2074 997 2115 fata
1023 2074 1205 2129 Sychaei

131 2138 318 2194 coniugis
343 2146 384 2180 et
407 2152 572 2193 sparsos
596 2137 780 2179 fraterna
804 2136 930 2178 caede
954 2143 1125 2191 penates

131 2201 243 2243 solus
268 2200 334 2241 hic
358 2200 518 2242 inflexit
542 2215 688 2242 sensus
714 2199 982 2253 animumque
1007 2199 1218 2240 labantem

129 2262 307 2318 impulit.
355 2263 564 2318 adgnosco
589 2262 739 2304 veteris
764 2261 941 2316 vestigia
963 2262 1169 2303 flammae.

131 2326 205 2368 sed
230 2324 331 2366 mihi
354 2325 420 2367 vel
445 2325 566 2366 tellus
591 2332 730 2380 optem
755 2324 869 2379 prius
894 2324 977 2364 ima
1002 2323 1189 2365 dehiscat

130 2389 198 2430 vel
222 2393 340 2443 pater
362 2388 622 2442 omnipotens
648 2386 790 2441 adigat
814 2401 879 2427 me
904 2385 1077 2427 fulmine
1103 2385 1156 2426 ad
1180 2385 1364 2436 umbras,

131 2449 322 2506 pallentis
345 2450 514 2491 umbras
538 2449 668 2491 Erebi
692 2456 939 2502 noctemque
964 2448 1228 2503 profundam,

132 2520 240 2562 ante,
265 2512 412 2567 pudor,
437 2526 563 2565 quam
586 2519 626 2553 te
651 2511 760 2552 violo
786 2517 857 2551 aut
881 2517 952 2552 tua
976 2511 1067 2551 iura
1090 2510 1265 2552 resolvo.

131 2576 200 2617 file
224 2589 352 2623 meos,
377 2574 534 2629 primus
561 2573 631 2628 qui
655 2588 720 2614 me
746 2572 825 2614 sibi
847 2572 994 2622 iunxit,
1021 2587 1181 2613 amores

133 2637 321 2688 abstulit3
345 2637 414 2679 ille
438 2637 590 2678 habeat
614 2651 755 2678 secum
780 2642 998 2691 servetque
1024 2635 1269 2694 sepulchro.’

1396 154 1476 199 149

1502 1465 1544 1496 10

1501 1775 1541 1806 15

1499 2086 1541 2118 20

1498 2397 1538 2428 25
