1660 2847
102 385 168 417 800

101 696 165 728 805

100 1007 166 1039 810

99 1318 164 1351 815

123 2568 164 2599 10

191 137 277 180 234
564 147 607 183 Ρ.
627 147 838 185 VERGILI
862 147 1087 185 MARONIS

190 250 287 292 litus
314 258 433 293 arant
456 252 718 306 Rutulosque
744 259 938 294 exercent
962 267 1128 294 vomere
1154 253 1277 294 colles

194 311 499 368 Circaeumque
523 314 682 369 iugum,
707 315 799 368 quis
823 315 1013 370 Iuppiter
1037 316 1238 357 Anxurus
1264 315 1372 356 arvis

191 376 399 430 praesidet
423 383 464 418 et
487 376 608 418 viridi
631 377 820 432 gaudens
845 377 1028 419 Feronia
1051 378 1163 427 luco3

192 452 275 492 qua
300 438 478 481 Saturae
502 439 610 481 iacet
633 446 722 481 atra
746 440 866 495 palus
891 439 1137 495 gelidusque
1162 455 1236 495 per
1260 440 1364 480 imas

192 501 353 554 quaerit
375 501 454 543 iter
477 502 605 543 valles
631 510 754 556 atque
779 502 822 543 in
845 517 959 543 mare
984 502 1173 543 conditur
1197 502 1347 544 Ufens.

247 564 339 605 Hos
366 579 490 619 super
514 565 684 606 advenit
709 564 862 607 Volsca
886 564 937 606 de
961 571 1084 620 gente
1111 563 1303 612 Camilla,

191 641 343 680 agmen
367 641 496 682 agens
521 628 708 681 equitum
734 635 775 669 et
797 627 981 669 florentis
1006 642 1100 669 aere
1125 634 1326 675 catervas,

192 687 396 738 bellatrix,
421 703 504 730 non
528 689 598 730 illa
624 690 714 730 colo
741 689 967 731 calathisve
991 689 1210 731 Minervae

191 748 391 791 femineas
417 750 588 792 adsueta
611 766 773 800 manus,
801 751 873 792 sed
897 751 1054 805 proelia
1079 751 1196 805 virgo

191 811 295 852 dura
318 812 403 866 pati
428 827 636 867 cursuque
660 813 816 868 pedum
841 820 1103 868 praevertere
1129 821 1288 855 ventos.

190 873 260 914 illa
284 876 350 916 vel
374 875 553 917 intactae
578 876 731 931 segetis
757 891 831 930 per
855 890 1018 916 summa
1043 876 1202 916 volaret

190 937 379 991 gramina
403 952 479 979 nec
504 944 667 979 teneras
693 952 817 979 cursu
840 938 1029 980 laesisset
1053 937 1213 986 aristas,

190 999 256 1039 vel
279 1014 393 1041 mare
417 1014 491 1055 per
514 999 699 1041 medium
722 1000 852 1041 fluctu
877 1014 1080 1054 suspensa
1103 999 1279 1040 tumenti

189 1059 316 1103 ferret
338 1062 416 1103 iter
440 1063 583 1104 celeris
608 1076 686 1104 nec
711 1062 922 1117 tingueret
945 1076 1125 1115 aequore
1150 1062 1325 1116 plantas.

188 1122 302 1164 illam
327 1124 461 1166 omnis
486 1125 604 1167 tectis
629 1124 823 1179 agrisque
849 1124 983 1166 effusa
1006 1124 1200 1165 iuventus

189 1186 395 1240 turbaque
419 1187 592 1228 miratur
616 1194 796 1228 matrum
821 1194 862 1228 et
885 1194 1122 1242 prospectat
1148 1193 1329 1235 euntem,

190 1249 373 1290 attonitis
397 1248 563 1291 inhians
589 1249 752 1299 animis,
777 1256 824 1290 ut
846 1249 987 1304 regius
1012 1255 1122 1290 ostro

189 1309 299 1351 velet
322 1310 453 1352 honos
477 1310 581 1352 levis
606 1325 786 1360 umeros,
811 1317 859 1352 ut
880 1310 1011 1351 fibula
1035 1310 1190 1351 crinem

190 1386 291 1413 auro
316 1371 576 1422 internectat,
600 1372 777 1428 Lyciam
803 1380 851 1414 ut
874 1379 993 1428 gerat
1016 1373 1106 1427 ipsa
1130 1372 1364 1428 pharetram

189 1441 231 1476 et
252 1435 505 1490 pastoralem
528 1435 711 1491 praefixa
735 1435 907 1491 cuspide
932 1442 1126 1490 myrtum.

615 1724 1112 1777 AENEIDOS

693 1874 883 1912 LIBER
913 1873 1026 1912 VIII.

187 1993 251 2036 Ut
273 1994 371 2037 belli
396 1994 562 2050 signum
587 1995 790 2036 Laurenti
816 1995 983 2036 Turnus
1010 1995 1062 2036 ab
1088 2010 1181 2036 arce

188 2058 336 2099 extulit
360 2064 401 2099 et
424 2072 550 2099 rauco
576 2065 842 2112 strepuerunt
867 2072 1022 2098 cornua
1047 2064 1185 2106 cantu,

186 2126 315 2174 utque
340 2120 445 2161 acris
471 2120 680 2162 concussit
705 2135 833 2174 equos
859 2127 986 2174 utque
1012 2119 1176 2175 impulit
1200 2134 1325 2168 arma,

187 2183 394 2238 extemplo
420 2183 574 2224 turbati
599 2183 739 2231 animi,
766 2182 888 2223 simul
914 2197 1035 2224 omne
1061 2182 1240 2223 tumultu

188 2245 378 2286 coniurat
401 2245 561 2300 trepido
587 2244 759 2286 Latium
784 2245 997 2298 saevitque
1021 2245 1214 2286 iuventus

189 2308 329 2349 effera.
379 2307 571 2350 ductores
597 2307 718 2362 primi
744 2308 966 2362 Messapus
991 2314 1032 2348 et
1055 2306 1191 2348 Ufens

188 2376 530 2424 contemptorque
555 2369 680 2411 deum
704 2370 943 2411 Mezentius
969 2369 1152 2422 undique
1178 2375 1334 2425 cogunt

188 2432 343 2473 auxilia
368 2439 409 2473 et
432 2433 536 2473 latos
562 2439 727 2473 vastant
751 2432 977 2473 cultoribus
1003 2445 1138 2486 agros.

188 2494 363 2534 mittitur
388 2501 427 2535 et
451 2494 592 2549 magni
617 2495 806 2537 Venulus
832 2494 1050 2535 Diomedis
1076 2494 1129 2534 ad
1153 2494 1313 2544 urbem,

189 2557 259 2610 qui
284 2563 398 2611 petat
421 2557 621 2597 auxilium
647 2564 688 2598 ct
712 2557 836 2597 Latio
862 2557 1083 2597 consistere
1108 2556 1308 2604 Teucros,

189 2619 409 2661 advectum
435 2620 611 2661 Aenean
635 2619 757 2661 classi
781 2619 996 2674 victosque
1019 2619 1179 2674 penatis
