1654 2837
124 163 208 194 vm

378 171 433 198 DE
451 172 547 200 VITA
566 172 888 204 CARMINIBUSQUE
907 174 1086 202 VERGILII
1103 173 1305 201 PROLUSIO.

125 251 207 274 cum
239 245 442 287 temporum
472 244 634 289 indiciis,
668 256 761 291 quac
794 247 830 280 in
856 246 993 291 opinor.
1023 257 1141 291 neque
1165 247 1260 281 enim
1282 245 1471 292 probabile
1493 245 1559 288 est,

122 286 211 330 ipsis
235 289 452 323 carminibus
474 290 612 334 insunt,
642 302 725 325 num
748 302 829 325 con-

123 335 247 376 gruat,
265 333 335 367 iam
353 334 459 369 video
477 336 723 380 quaerendum
740 347 826 371 esse.

167 377 289 422 Atque
311 379 493 423 primam
517 381 680 425 eclogam
699 384 734 415 et
755 393 828 415 110-

121 433 216 456 nam
245 424 329 457 anni
347 425 469 469 713s41
495 436 572 460 esse
601 429 757 460 constat:
787 438 829 461 60

123 467 217 501 6111111
242 479 335 503 anno
355 468 649 504 Cremonensium
669 475 705 505 et
727 471 827 505 Man-

121 516 311 547 tuanorum
335 515 414 559 agri
437 516 531 549 inter
552 520 742 550 veteranos
764 517 827 550 mi-

121 557 202 592 lites
232 559 414 593 distributi
444 564 536 596 sunt.
577 565 661 595 ante
697 572 827 595 nonam

121 607 241 637 autem
281 605 445 650 eclogam
484 616 555 639 non
600 609 719 649 potest
758 617 828 640 non

120 648 255 693 scripta
273 660 350 683 esse
368 651 539 694 quinta,
564 651 665 685 cuius
687 652 734 685 ad
750 663 826 686 ver—

120 705 196 727 sum
205 694 381 738 40apertc
397 700 563 740 spectant
575 707 691 730 nonae
704 708 828 730 versus

120 740 162 772 19
192 744 228 773 et
255 742 309 773 20.
353 741 495 775 accedit
524 742 619 785 quod
655 742 827 775 ‘hordea’

118 784 295 828 pluralem
321 796 342 819 a
367 786 530 831 Vergilio
557 787 589 821 V
611 788 654 821 36
678 798 826 831 usurpa—

118 834 194 863 tum
222 830 446 875 vituperasse
476 831 590 865 fertur
614 831 828 865 Cornificius

118 878 226 919 poeta
234 876 275 917 15,
290 887 395 919 quem
404 876 647 921 Hieronymus
657 878 711 911 Ol.
722 878 798 921 184,
808 879 827 911 4

118 924 224 961 (anno
238 921 316 963 713)
330 926 508 955 mortuum
526 933 604 956 esse
623 924 739 956 docet.
758 933 827 967 quo

117 969 279 1010 tempore
297 967 423 1009 quinta
441 967 577 1012 scripta
591 971 655 1011 est,
674 979 826 1001 secun-

118 1010 212 1044 dam
230 1014 267 1045 et
288 1012 469 1046 tertiam
491 1012 564 1046 iam
582 1013 698 1046 editas
716 1012 826 1047 fuisse

117 1056 213 1089 illius
242 1057 408 1090 versibus
436 1058 479 1091 86
509 1061 546 1092 et
573 1058 616 1091 87
641 1059 823 1103 probatur.

116 1105 307 1146 praetcrea
335 1113 404 1136 non
441 1106 495 1136 cst
530 1104 625 1147 quod
656 1103 825 1138 Suetonio

117 1147 269 1191 aliisque
304 1146 394 1181 fides
435 1148 651 1193 denegetur,
693 1149 755 1192 qui
790 1149 825 1182 in

117 1193 274 1226 secundo
298 1193 456 1227 carmine
475 1194 540 1227 sub
558 1194 723 1228 Alexidis
745 1204 824 1238 per-

117 1248 205 1271 sona
236 1238 483 1272 Alexandrum
521 1250 672 1284 puerum
710 1240 823 1273 latere

116 1287 365 1327 narraverunt,
391 1294 498 1327 quem
522 1296 543 1318 a
565 1284 717 1318 Polione
737 1285 824 1319 Ver-

117 1327 226 1373 gilius
251 1329 343 1362 dono
367 1330 586 1374 accepisset,
617 1334 727 1374 atquc
755 1333 825 1363 ter-

115 1373 189 1407 tiae
224 1374 373 1419 eclogae
413 1386 538 1408 versus
572 1375 719 1409 84—59
753 1375 824 1409 iam

116 1419 287 1453 maiorem
320 1421 415 1453 inter
446 1420 634 1455 Polionem
668 1424 704 1454 ct
736 1421 823 1455 Ver-

116 1464 244 1510 gilium
272 1464 559 1500 familiaritatem
587 1466 823 1510 poeticorum-

117 1520 186 1554 que
222 1510 420 1544 studiorum
459 1516 671 1545 concentum
708 1515 823 1545 osten-

117 1558 216 1588 dunt.
242 1556 366 1600 itaque
384 1567 465 1590 eum
482 1567 576 1590 anno
594 1557 657 1590 711
673 1561 824 1590 exeunte

115 1600 304 1634 Polionem
331 1612 353 1635 a
380 1602 576 1635 triumviris
605 1602 824 1647 cispadanac

118 1645 262 1680 Galliae
300 1646 526 1691 praefectum
561 1658 638 1681 esse
673 1651 823 1690 constet,

117 1695 200 1725 ante
229 1703 361 1725 annum
386 1693 450 1726 712
475 1693 545 1726 duo
573 1692 637 1726 illa
665 1692 825 1726 carmina

117 1737 251 1781 scripta
284 1748 362 1771 esse
395 1749 465 1771 non
499 1741 553 1771 est
583 1737 659 1771 veri
697 1738 823 1772 simile.

117 1786 317 1827 quartam
352 1783 515 1828 eclogam
551 1793 620 1817 non
649 1787 730 1828 post
763 1795 823 1817 an—

116 1839 201 1861 num
229 1828 310 1870 714,
347 1839 417 1872 quo
452 1828 555 1862 Polio
588 1829 710 1862 consul
744 1828 823 1872 fuit,

117 1873 252 1907 editam
270 1884 359 1916 esse,
376 1873 540 1908 versibus
559 1874 691 1908 11—14
708 1878 824 1907 osten-

117 1918 261 1952 ditm-11⁵.
282 1919 346 1952 sed
360 1930 439 1952 cum
450 1919 626 1952 Asconius
641 1919 824 1953 Pedianus

117 1964 238 2003 (schol.
255 1963 346 1997 Dan.
361 1964 408 1997 ad
423 1964 503 1998 bue.
520 1964 570 1999 IV
587 1965 641 2006 11)
658 1963 824 1998 Asinium

118 2008 264 2043 Gallum
279 2009 321 2051 17,
354 2009 516 2043 Polionis
549 2009 678 2053 filium,
718 2010 823 2043 adfir-

116 2065 233 2089 masse
256 2058 411 2088 testatus
435 2055 496 2099 sit,
528 2067 631 2088 suum
660 2060 775 2089 ortum
805 2067 823 2089 a

116 2104 225 2145 pocta
242 2099 465 2134 celebratum
482 2111 572 2141 esse,
590 2104 732 2145 tempus
750 2112 824 2134 car—

116 2145 222 2179 minis
252 2145 363 2179 etiam
393 2145 524 2180 certius
550 2145 692 2180 definiri
720 2157 825 2191 posse

117 2230 169 2257 est,
196 2227 244 2258 qui
265 2227 297 2251 in
315 2227 499 2258 praefatione
519 2227 721 2253 bucolicorum
741 2229 770 2253 et
788 2228 824 2252 ad

115 2262 130 2286 Ι
143 2263 175 2286 29
189 2261 268 2286 idem
282 2261 423 2286 narravit.

151 2296 183 2321 15
203 2295 239 2320 cf.
254 2294 392 2320 Clcdonii
405 2302 452 2320 ars
466 2303 493 2326 p.
506 2296 548 2327 43,
563 2297 577 2321 1
590 2296 627 2321 K.

152 2330 183 2354 16
205 2330 331 2360 Propter
361 2330 499 2354 metricas
530 2331 659 2355 rationes
689 2330 824 2354 Polionis

115 2370 226 2389 nomen
240 2371 298 2388 non
314 2365 383 2394 puto
397 2371 412 2388 e
425 2366 529 2395 quarta
542 2364 644 2395 ecloga
657 2364 823 2389 eiciendum

117 2405 198 2423 esse:
224 2398 307 2423 cuius
332 2404 434 2422 versus
455 2400 485 2422 12
504 2399 609 2423 tertiae
628 2398 763 2423 versibus
781 2399 822 2427 s-l,

117 2434 159 2463 86,
174 2432 207 2457 88
226 2432 296 2456 satis
316 2431 499 2462 defenditur3
526 2439 621 2463 neque
641 2440 675 2457 eo
696 2433 824 2457 offensus

118 2473 181 2491 esse
200 2466 318 2491 videtur
336 2466 485 2490 Lucianus
499 2467 669 2491 Muellerus.
691 2467 728 2491 cf.
744 2466 779 2491 (16
794 2473 824 2491 rc

117 2503 203 2526 metr.
217 2502 294 2531 poet.
308 2500 372 2524 Lat.
386 2507 413 2530 p.
427 2501 486 2525 3:³7.

153 2536 184 2560 17
204 2534 314 2565 Nequis
334 2537 467 2559 veterum
487 2534 681 2565 interpretum
701 2534 737 2559 ad
756 2534 797 2560 IV
810 2536 823 2559 1

858 292 1059 337 Vergilium
1075 296 1138 326 aut
1155 296 1292 337 patrem
1310 291 1421 326 tantis
1443 289 1558 324 laudi-

856 337 922 371 bus
947 347 1091 371 ornasse
1115 341 1177 371 aut
1200 338 1244 371 de
1267 337 1332 371 filii
1354 337 1462 370 rebus
1484 338 1560 369 tam

856 382 952 415 laeta
974 386 1190 427 auguratum
1214 394 1291 417 esse
1319 386 1402 416 ante
1424 380 1561 415 factam

858 426 1109 461 Brundisinam
1143 438 1286 472 pacem,
1320 438 1427 472 quam
1456 425 1561 459 Polio

854 482 1074 517 magnopere
1091 472 1295 515 adiuverat,
1318 478 1358 506 ut
1378 472 1455 516 ipse
1473 480 1558 515 quo-

855 527 924 561 que
943 521 1155 562 expectatae
1174 529 1216 552 ex
1234 529 1277 552 ca
1294 517 1418 552 salutis
1436 520 1561 550 auctor

856 573 932 596 esse
955 562 1146 597 videretur.
1182 563 1305 607 itaque
1334 563 1448 596 altera
1475 560 1560 595 anni

856 607 920 641 714
936 611 1051 652 parte,
1070 611 1258 652 postquam
1277 608 1380 642 Polio
1397 606 1558 641 consula-

855 656 929 685 tum
947 663 1040 686 anno
1055 654 1130 693 711,
1150 665 1229 686 cum
1243 653 1434 695 Antonius,
1453 652 1558 686 Octa-

855 697 997 739 vianus,
1031 697 1194 742 Lepidus
1230 699 1358 733 foedus
1395 698 1489 731 inter
1521 706 1559 730 se

855 742 1029 786 fecerunt,
1058 744 1272 787 promissum
1295 743 1387 784 iniit,
1411 741 1559 776 Asinius

856 787 983 821 Gallus
1016 792 1121 822 natus
1137 788 1168 812 13
1201 792 1238 822 et
1271 791 1399 833 quarta
1433 787 1560 832 ecloga

855 833 990 877 scripta
1006 843 1083 867 6556
1101 833 1252 867 videtur.
1279 838 1317 868 at
1339 833 1435 867 haud
1453 831 1559 877 pauci

854 882 952 920 sunt,
977 878 1040 921 qui
1063 878 1107 912 de
1125 878 1275 912 Asconii
1298 878 1370 912 fide
1395 878 1566 911 dubitent*

855 934 971 967 neque
1006 923 1100 957 hanc
1135 924 1297 968 eclogam
1326 924 1372 957 ad
1400 922 1560 956 Polionis

855 967 968 1002 filium
991 972 1054 1002 aut
1076 968 1122 1002 ad
1139 968 1250 1002 ullum
1267 968 1454 1002 mortalem
1473 978 1559 1012 pue-

854 1025 932 1046 rum
945 1013 1074 1047 referri
1087 1024 1193 1058 posse
1208 1014 1417 1048 concedant.
1436 1023 1561 1046 verum

854 1062 908 1092 est
945 1070 1048 1102 sane,
1089 1059 1291 1104 Vergilium
1328 1058 1471 1092 Polioni
1506 1057 1559 1091 in-

854 1104 1036 1138 moderate
1074 1104 1276 1138 blanditum
1314 1115 1392 1138 6556
1435 1102 1561 1138 videri.

853 1149 917 1183 sed
932 1152 1125 1193 antequam
1139 1149 1388 1193 interpretatio
1399 1154 1435 1183 et
1446 1147 1560 1193 ipsius

854 1194 1020 1228 carminis
1034 1194 1195 1228 versibus
1206 1195 1485 1238 quibusdam(13
1493 1203 1558 1238 sq.,

854 1240 907 1280 17,
924 1240 968 1273 26
986 1244 1052 1284 sq.)
1077 1243 1112 1273 et
1135 1240 1261 1284 optimi
1285 1239 1441 1273 auctoris
1458 1238 1558 1272 testi-

855 1285 970 1319 monio
996 1285 1246 1319 commendata
1262 1285 1453 1327 abiciatur,
1479 1283 1558 1317 dili-

853 1333 981 1375 genter
998 1331 1242 1375 quaerendum
1262 1341 1339 1364 6556
1358 1333 1456 1374 puto,
1474 1340 1559 1363 num

853 1386 945 1419 quae
969 1375 1040 1409 sint
1062 1376 1192 1420 quibus
1215 1376 1261 1409 ad
1286 1376 1437 1409 effusam
1459 1374 1559 1408 illam

853 1420 1096 1455 laudationem
1140 1424 1248 1465 pocta
1289 1421 1455 1454 videatur
1498 1420 1558 1454 dc-

853 1467 980 1500 ‹luctus
1004 1477 1091 1501 esse.
1134 1470 1242 1510 atquc
1271 1466 1317 1500 ad
1344 1465 1434 1499 illud
1463 1465 1559 1509 quod

852 1512 958 1545 modo
975 1512 1020 1545 de
1037 1511 1255 1545 Brundisina
1277 1522 1368 1556 paee
1391 1510 1463 1544 dixi
1487 1510 1558 1555 pri-

853 1568 947 1590 mum
970 1557 1113 1591 accedit
1136 1557 1230 1601 quod
1256 1567 1299 1590 ca
1321 1560 1397 1590 tum
1420 1555 1490 1589 suit
1505 1555 1558 1590 rei

853 1602 1020 1647 publicae
1034 1601 1208 1645 condit-io,
1227 1606 1265 1635 ut
1278 1601 1437 1635 Polionis
1451 1600 1558 1634 amici

853 1648 959 1682 facile
984 1658 1129 1692 sperare
1154 1651 1312 1692 possent,
1341 1657 1422 1680 eum
1445 1646 1481 1679 in
1507 1646 1556 1680 al—

853 1693 979 1727 tiorem
1010 1692 1119 1727 etiam
1149 1693 1265 1726 locum
1302 1695 1557 1737 perventurum

854 1739 980 1773 655619.
1007 1737 1138 1772 deinde
1161 1737 1363 1783 Vergilium
1386 1737 1557 1771 mollioris

853 1784 964 1818 animi
991 1783 1103 1817 fuisse
1132 1783 1263 1817 scimus
1293 1787 1328 1817 ct
1361 1782 1557 1816 amicorum

853 1832 1154 1874 patronorumque
1192 1828 1555 1863 observantissimum.

853 1887 873 1908 a
889 1875 986 1908 nullo
1004 1878 1122 1908 autem
1137 1874 1240 1918 plura
1252 1877 1288 1906 et
1300 1873 1436 1907 maiora.
1448 1873 1556 1908 bene-

853 1920 935 1954 ficia
968 1923 1175 1962 acceperat,
1211 1930 1318 1963 quam
1346 1929 1367 1952 a
1394 1918 1556 1962 Polione,

853 1976 922 2009 quo
955 1965 1065 1998 etiam
1102 1964 1323 2009 poeticorum
1357 1963 1556 1997 studiorum

853 2011 1078 2044 moderatore
1107 2021 1191 2043 usus
1215 2012 1301 2043 erat.
1333 2008 1558 2054 intellegitur

853 2056 963 2101 igitur
975 2055 1035 2100 qui
1049 2055 1127 2089 fieri
1141 2055 1308 2099 potuerit,
1320 2057 1359 2087 ut
1371 2053 1407 2087 in
1421 2053 1557 2099 gaudio

852 2112 923 2146 quo
942 2099 1164 2134 dilectissimi
1188 2099 1340 2133 hominis
1357 2099 1464 2133 rebus
1482 2099 1554 2133 lae—

852 2148 922 2180 tius
948 2145 1257 2180 cfflorescentibus
1286 2145 1437 2178 affectus
1466 2148 1555 2188 erat,

852 2192 959 2237 paulo
973 2190 1145 2225 audacius
1156 2190 1430 2234 exulta.1·et,cum
1444 2188 1557 2224 filium

853 2237 928 2271 eius
950 2240 1026 2270 tum
1049 2236 1167 2280 ipsum
1195 2239 1319 2269 natum
1347 2235 1432 2269 olim
1459 2235 1556 2280 prin-

852 2283 968 2327 cipem
982 2282 1018 2315 in
1031 2281 1176 2315 civitate
1194 2280 1310 2315 locum
1328 2280 1556 2315 obtenturum

852 2339 929 2362 csse
943 2328 1228 2373 augurareturw.
1244 2336 1351 2370 quem
1365 2326 1462 2370 quod
1473 2325 1555 2360 deo-

885 2432 916 2456 18
941 2431 1043 2461 Neque
1073 2430 1152 2455 onim
1186 2430 1302 2459 dubito,
1335 2430 1406 2462 quin
1435 2429 1556 2456 Asinius

851 2465 953 2491 Gallus
972 2472 1030 2496 quo
1049 2466 1183 2495 tempore
1196 2465 1343 2495 Vergilius
1362 2465 1418 2490 hoc
1437 2470 1555 2489 carmen

851 2500 1009 2524 meditatus
1028 2500 1085 2529 est,
1107 2499 1164 2523 iam
1180 2500 1264 2523 uatus
1282 2499 1377 2528 fucrit,
1399 2505 1490 2529 eaque
1509 2504 1555 2522 ros

852 2533 986 2559 consulto
1006 2533 1160 2558 obscurata
1179 2533 1225 2563 sit,
1247 2535 1278 2557 ut
1290 2533 1425 2558 vaticinii
1443 2532 1556 2563 specics

118 2571 147 2594 et
171 2570 203 2594 10
227 2568 377 2593 erroribus
402 2568 581 2600 decipiatur,
608 2568 712 2593 Asinio
738 2568 825 2593 Gallo
851 2569 1016 2599 augeretur.

119 2603 237 2629 Salonis
251 2610 276 2627 a.
291 2603 339 2627 715
358 2603 450 2634 captis
470 2609 487 2626 a
505 2604 587 2633 patro
604 2602 739 2627 Salonini
760 2610 824 2633 cog-

886 2603 916 2626 19
930 2601 966 2627 cf.
975 2601 1298 2631 BenoistP.v51-g.Ma1·.
1307 2608 1352 2632 op.
1360 2598 1387 2625 Γ]
1394 2599 1556 2631 p.38-Octa-

119 2645 229 2663 nomen
248 2638 347 2661 datum
363 2643 427 2661 esse
445 2643 563 2666 moneo,
585 2639 616 2661 ut
629 2636 732 2662 Gallus
746 2636 825 2661 idem
851 2636 931 2661 viani
941 2635 1118 2667 etAgrippae
1128 2636 1253 2660 virtutes
1262 2637 1322 2660 tum
1333 2641 1434 2666 parum
1445 2635 1556 2666 specta-

119 2673 157 2698 sit
181 2673 231 2703 qui
257 2671 425 2696 Saloninus.
453 2671 488 2695 of.
508 2671 578 2695 Tae.
598 2678 666 2696 ann.
686 2671 729 2696 111
747 2671 779 2697 75
798 2672 826 2696 et
851 2672 908 2699 tae,
922 2669 1047 2695 Antonii
1060 2670 1134 2695 vitia
1147 2670 1284 2694 omnibus
1298 2669 1416 2700 cognita
1429 2669 1522 2693 erant.

119 2706 215 2740 Lipsii
228 2706 265 2734 ad
279 2713 346 2732 eum
359 2705 458 2732 locum
471 2705 634 2731 adnotatio.

884 2706 917 2730 20
943 2704 979 2730 cf.
999 2705 1070 2729 Tae.
1090 2710 1159 2729 ann.
1179 2703 1193 2729 Ι
1212 2704 1244 2729 13
1269 2703 1390 2736 ‘quippe
1408 2702 1556 2735 Augustus
