1622 2847
141 467 201 498 185

140 778 203 809 190

139 1090 201 1121 195

140 1403 205 1433 200

231 152 286 195 94
646 161 690 197 P.
711 161 921 198 VERe1L1
945 161 1170 198 MARONIS

227 267 424 308 iactatum
449 273 571 308 vento
597 266 735 307 videat
759 266 1053 321 Phrygiasque
1078 267 1259 315 biremis,

228 336 300 370 aut
325 327 475 384 Capyn
501 335 572 369 aut
597 329 716 370 celsis
740 328 781 369 in
807 329 1017 383 puppibus
1043 344 1157 370 arma
1184 329 1314 370 Caici.

227 406 378 432 navem
402 392 444 432 in
469 398 694 446 conspectu
718 391 889 440 nullam,
915 391 987 431 tris
1012 391 1130 433 litore
1156 406 1300 432 cervos

227 454 426 509 prospicit
449 454 641 503 erranti83
667 453 741 494 hos
767 459 853 494 tota
878 460 1064 494 armenta
1089 461 1318 507 sequuntur

228 532 253 556 a
277 524 392 571 tergo
419 523 461 558 et
483 516 656 571 longum
680 531 755 570 per
779 516 897 556 vallis
922 516 1105 570 pascitur
1131 531 1294 570 agmen.

229 579 411 619 constitit
433 578 500 619 hic
525 592 750 632 arcumque
775 593 901 618 manu
927 578 1154 631 celerisque
1180 578 1352 632 sagittas

229 641 440 695 corripuit,
465 641 573 681 fidus
600 655 706 694 quae
733 641 816 682 tela
839 640 1013 695 gerebat
1038 640 1237 688 Achates,

228 703 502 756 ductoresque
527 703 639 757 ipsos
665 703 858 757 primum,
884 702 1019 756 capita
1043 703 1126 742 alta
1149 702 1319 742 ferentis

228 765 423 806 cornibus
448 765 644 814 arboreis,
672 765 829 813 sternit,
856 772 944 806 tum
969 765 1116 818 volgus
1143 771 1182 805 et
1207 779 1373 804 omnem

227 828 373 869 miscet
396 843 525 882 agens
550 827 641 869 telis
666 842 836 868 nemora
860 826 966 867 inter
990 826 1164 867 frondea
1188 826 1372 874 turba1n3

227 905 304 931 nec
328 890 442 945 prius
469 890 643 938 absistit,
670 904 796 942 quam
821 896 978 943 septem
1004 888 1189 943 ingentia
1214 889 1344 929 victor

228 967 402 1007 corpora
426 952 575 992 fundat
598 952 714 992 humi
740 958 779 992 ct
803 966 1021 992 numerum
1049 966 1142 991 cum
1168 950 1346 991 navibus
1372 955 1534 1003 aequet.

227 1014 324 1056 hinc
348 1022 513 1069 portum
538 1014 642 1069 petit
667 1020 707 1054 et
730 1013 863 1054 socios
888 1013 1064 1067 partitur
1088 1013 1129 1053 in
1155 1012 1300 1053 omnis.

228 1077 324 1118 vina
349 1077 483 1117 bonus
508 1091 615 1130 quae
641 1075 790 1116 deinde
816 1075 929 1116 cadis
955 1082 1147 1116 onerarat
1170 1075 1347 1116 Acestes

227 1140 346 1180 litore
371 1138 587 1179 Trinacrio
614 1138 866 1190 dederatque
892 1137 1141 1178 abeuntibus
1166 1136 1301 1185 heros,

229 1201 376 1242 dividit
400 1207 441 1242 et
465 1200 584 1241 dictis
611 1200 838 1241 maerentia
862 1207 1031 1254 pectora
1055 1200 1222 1240 mulcet.

286 1262 347 1304 ‘O
374 1263 472 1304 socii
498 1266 649 1316 (neque
676 1262 786 1303 enim
811 1261 946 1316 ignari
970 1276 1113 1302 sumus
1139 1268 1234 1302 ante
1260 1261 1495 1314 malorum),

229 1341 253 1367 0
278 1326 390 1382 passi
415 1325 621 1380 graviora,
648 1324 764 1365 dabit
788 1324 888 1365 deus
913 1324 976 1364 his
1001 1338 1166 1377 quoque
1192 1323 1330 1364 finem.

230 1404 303 1431 vos
330 1395 371 1430 et
397 1387 634 1443 Scyllaeam
658 1387 814 1428 rabiem
840 1386 1089 1441 penitusque
1114 1386 1298 1427 sonantis

230 1451 401 1494 accestis
427 1451 634 1505 scopulos,
660 1465 733 1490 vos
760 1458 800 1490 et
826 1449 1028 1504 Cyclopia
1053 1465 1154 1490 saxa

232 1514 409 1569 experti:
436 1520 627 1554 revocate
655 1513 815 1553 animos
841 1519 1131 1565 maestumque
1156 1511 1346 1552 timorem

230 1577 379 1618 mittite
388 1593 398 1626 3
425 1576 565 1617 forsan
590 1582 630 1616 et
654 1575 757 1616 haec
781 1575 878 1615 olim
904 1574 1139 1615 meminisse
1164 1573 1337 1614 iuvabit.

231 1655 304 1695 per
328 1639 464 1679 varios
489 1653 624 1686 casus,
650 1653 724 1692 per
748 1644 809 1677 tot
833 1637 1069 1677 discrimina
1093 1651 1231 1677 rerum

189 1716 201 1722 ”
231 1701 438 1744 tendimus
463 1701 505 1741 in
530 1700 716 1748 Latium,
742 1699 861 1740 sedes
887 1699 959 1739 ubi
984 1699 1069 1739 fata
1093 1698 1254 1751 quietas

231 1765 474 1812 ostendunt3
499 1763 581 1804 illic
606 1762 669 1803 fas
695 1777 824 1817 regna
848 1776 1065 1815 resurgere
1090 1760 1253 1801 Troiae.

233 1829 377 1869 durate
403 1833 443 1868 et
468 1833 628 1867 vosmet
652 1825 776 1866 rebus
802 1831 963 1866 servate
989 1823 1208 1865 secundis?

289 1889 410 1930 Talia
435 1904 536 1929 voce
560 1887 688 1929 refert
711 1887 903 1940 curisque
928 1886 1166 1940 ingentibus
1193 1900 1318 1940 aeger

234 1968 350 2008 spem
374 1951 493 1992 vultu
519 1950 698 1999 simulat,
724 1949 876 2004 premit
899 1949 1028 1989 altum
1055 1948 1177 1988 corde
1204 1948 1400 1988 dolorem.

232 2016 291 2057 illi
315 2030 359 2056 se
383 2013 562 2069 praedae
588 2012 813 2067 accingunt
837 2011 1096 2065 dapibusque
1122 2009 1290 2050 futuris:

234 2085 399 2132 tergora
424 2075 633 2130 deripiunt
657 2075 780 2115 costis
806 2080 847 2115 et
870 2074 1029 2114 viscera
1053 2072 1225 2120 nudant,

234 2155 329 2196 pars
355 2140 397 2180 in
421 2138 554 2179 frusta
579 2144 722 2178 secant
746 2136 996 2189 veribusque
1022 2134 1239 2176 trementia
1263 2134 1412 2187 figunt,

235 2203 354 2243 litore
380 2216 484 2242 aena
509 2201 648 2241 locant
672 2199 740 2240 alii
765 2200 1036 2251 flammasque
1061 2196 1306 2237 ministrant.

237 2273 326 2306 tum
351 2264 463 2305 victu
487 2269 686 2303 revocant
704 2262 816 2302 vires
842 2260 1007 2313 fusique
1034 2274 1107 2314 per
1131 2258 1304 2300 herbam

148 2340 212 2371 215
237 2328 445 2382 inplentur
469 2324 619 2367 veteris
644 2323 801 2365 Bacchi
827 2323 1076 2378 pinguisque
1101 2320 1271 2362 ferinae.

237 2396 459 2445 postquam
485 2394 678 2441 exempta
702 2386 834 2426 fames
861 2385 991 2439 epulis
1018 2397 1269 2437 mensaeque
1295 2389 1489 2432 remotae,

239 2451 411 2493 amissos
436 2450 561 2504 longo
588 2448 721 2490 socios
747 2461 935 2489 sermone
960 2446 1187 2500 requirunt,

240 2527 440 2569 spemque
464 2518 705 2565 metumque
729 2510 835 2551 inter
861 2509 990 2557 dubii,
1016 2524 1088 2549 seu
1115 2508 1253 2549 vivere
1278 2507 1460 2555 credant,

242 2578 327 2618 sive
354 2582 537 2617 extrema
561 2574 647 2629 pati
672 2587 749 2614 nec
771 2573 854 2613 iam
881 2571 1076 2613 exaudire
1103 2577 1282 2610 vocatos.

153 2653 217 2685 220
242 2639 461 2698 praecipue
485 2638 577 2695 pius
604 2638 770 2679 Aeneas
796 2649 907 2677 nunc
938 2634 1041 2677 acris
1069 2633 1232 2680 Oronti,
