1622 2847
488 134 781 173 GEORGICON
803 136 897 172 LIB.
921 136 991 171 IH.

68 243 241 285 saltibus
266 243 308 284 in
332 240 475 284 vacuis
500 248 678 296 pascunt
702 247 743 283 et
766 240 890 295 plena
914 240 1145 282 secundum

67 306 251 354 fiumina,
278 319 443 346 muscus
468 303 541 344 ubi
566 310 607 345 et
630 303 880 344 viridissima
904 303 1093 357 gramine
1117 302 1221 357 ripa,

67 368 372 422 speluncaeque
397 372 540 420 tegant
564 372 605 407 et
628 380 755 406 saxea
779 365 980 419 procubet
1004 365 1164 406 umbra.

67 436 130 471 est
152 430 268 470 lucos
294 428 419 470 Silari
444 428 552 469 circa
574 427 822 480 ilicibusque
848 426 1049 480 virentem

65 491 268 546 plurimus
293 490 534 532 Alburnum
558 489 749 538 volitans,
775 489 841 530 oui
865 503 1017 530 nomen
1042 489 1143 530 asilo

66 553 302 595 Romanum
327 559 401 601 est,
427 560 608 593 oestrum
636 550 740 593 Grai
764 557 923 592 vertere
949 558 1161 601 vocantes,

66 629 198 669 asper,
225 615 376 655 acerba
401 629 566 663 sonans,
593 628 675 667 quo
701 620 786 654 tota
812 612 1006 654 exterrita
1031 613 1145 654 silvis

66 676 291 731 diffugiunt
318 684 516 725 armenta,
541 675 643 716 furit
665 675 895 730 mugitibus
921 675 1065 717 aether

66 753 292 780 concussus
319 738 532 792 silvaeque
558 745 599 779 et
623 737 722 779 sicci
745 737 836 792 ripa
860 737 1059 792 Tanagri.

64 799 144 842 hoc
168 800 377 854 quondam
401 807 585 841 monstro
610 799 816 841 horribilis
842 800 1029 841 exercuit
1052 799 1134 840 iras

64 862 261 904 Inachiae
285 862 392 903 Iuno
416 869 576 917 pestem
605 862 804 903 meditata
828 861 1042 903 iuvencae.

64 924 175 966 hunc
200 939 365 978 quoque
391 925 504 975 (nam
528 924 675 966 mediis
700 924 934 965 fervoribus
961 924 1094 965 acrior
1118 924 1261 978 instat)

65 987 223 1028 arcebis
250 987 422 1041 gravido
447 987 600 1041 pecori,
627 993 896 1039 armentaque
922 1001 1068 1041 pasces

65 1049 150 1090 sole
175 1064 318 1090 recens
343 1057 433 1089 orto
458 1056 531 1089 aut
554 1056 719 1090 noctem
745 1049 993 1090 ducentibus
1019 1048 1154 1089 astris.

118 1111 221 1152 Post
247 1118 412 1166 partum
438 1125 538 1152 cura
561 1111 603 1151 in
629 1111 781 1152 vitulos
808 1111 1038 1151 traducitur
1062 1111 1211 1160 omnis,

64 1174 343 1227 continuoque
368 1181 485 1214 notas
512 1180 553 1214 et
575 1173 744 1214 nomina
769 1173 904 1228 gentis
930 1174 1101 1214 inurunt

63 1242 105 1277 et
127 1250 232 1289 quos
258 1243 330 1276 aut
353 1235 492 1290 pecori
516 1236 661 1277 malint
687 1235 930 1277 submittere
956 1235 1149 1277 habendo

63 1305 135 1339 aut
158 1298 238 1339 aris
265 1312 429 1339 servare
455 1312 593 1339 sacros
618 1305 688 1338 aut
715 1298 902 1339 scindere
927 1306 1079 1339 terram

63 1367 105 1401 et
128 1374 322 1414 campum
347 1359 584 1400 horrentem
609 1359 751 1400 fractis
776 1360 981 1401 invertere
1007 1360 1180 1415 glaebis.

63 1429 199 1464 cetera
223 1430 451 1476 pascuntur
475 1422 616 1462 viridis
642 1430 830 1463 armenta
854 1437 927 1477 per
952 1423 1114 1463 herbas.

62 1491 107 1526 tu
130 1499 234 1538 quos
259 1484 312 1524 ad
336 1484 519 1525 studium
545 1491 669 1538 atque
695 1499 817 1525 usum
841 1484 1040 1525 formabis
1067 1492 1287 1539 agrestem,

61 1547 144 1588 iam
169 1546 319 1587 vitulos
344 1546 508 1587 hortare
533 1546 726 1600 viamque
751 1547 895 1588 insiste
921 1547 1130 1595 domandi,

62 1610 161 1650 dum
186 1609 327 1650 faciles
352 1609 476 1649 animi
501 1609 712 1659 iuvenum,
739 1609 839 1650 dum
864 1610 1028 1650 mobilis
1054 1617 1179 1651 aetas.

63 1686 112 1713 ac
135 1671 316 1726 primum
340 1671 458 1712 laxos
483 1671 598 1712 tenui
624 1671 674 1712 de
699 1671 852 1712 vimine
879 1672 1023 1713 circlos

62 1734 212 1776 cervici
237 1734 456 1783 subnecte3
483 1733 646 1783 dehinc,
672 1734 744 1775 ubi
768 1734 899 1775 libera
924 1735 1030 1775 colla

62 1796 226 1838 servitio
253 1795 478 1845 adsuerint,
502 1796 603 1851 ipsis
629 1811 650 1837 e
676 1796 895 1850 torquibus
921 1804 1038 1852 aptos

61 1859 186 1914 iunge
210 1873 331 1913 pares
357 1865 398 1899 et
421 1872 524 1913 coge
548 1859 727 1913 gradum
753 1858 942 1900 conferre
967 1859 1165 1901 iuvencos
1174 1877 1184 1910 ;

61 1928 184 1975 atque
208 1920 287 1961 illis
311 1920 395 1961 iam
419 1935 543 1975 saepe
568 1928 683 1961 rotae
709 1921 915 1962 ducantur
939 1921 1084 1963 inanes

60 1999 135 2039 per
158 1990 310 2024 terram
334 1990 375 2024 et
399 1998 561 2024 summo
586 1983 762 2039 vestigia
786 1983 958 2039 pulvere
984 1985 1168 2039 signent,

24 2076 26 2083 .
60 2052 153 2101 post
177 2045 314 2086 valido
339 2045 472 2086 nitens
498 2045 576 2086 sub
600 2045 783 2100 pondere
808 2045 977 2100 faginus
1002 2047 1093 2087 axis

60 2108 261 2162 instrepat
285 2114 326 2148 et
348 2107 511 2148 iunctos
537 2114 647 2148 temo
672 2107 808 2148 trahat
833 2123 979 2150 aereus
1005 2109 1128 2149 orbis.

60 2169 217 2211 interea
240 2170 342 2224 pubi
366 2169 592 2211 indomitae
617 2184 701 2210 non
724 2170 915 2224 gramina
939 2178 1100 2211 tantum

60 2246 138 2273 nec
162 2246 304 2273 vescas
329 2232 501 2273 salicum
525 2232 694 2274 frondes
719 2232 945 2286 ulvamque
971 2233 1210 2287 palustrem,

63 2294 137 2335 sed
161 2293 368 2335 frumenta
392 2309 519 2335 manu
546 2309 689 2348 carpes
715 2302 822 2343 sata3
847 2310 926 2336 nec
952 2296 1025 2336 tibi
1050 2295 1159 2337 fetae

62 2370 175 2396 more
199 2363 362 2410 patrum
386 2356 508 2397 nivea
532 2356 752 2411 inplebunt
774 2358 1014 2399 mulctraria
1038 2373 1204 2408 vaccae,

63 2418 134 2459 sed
160 2425 246 2458 tota
269 2417 310 2458 in
336 2418 466 2459 dulcis
492 2426 738 2460 consument
761 2419 891 2461 ubera
914 2427 1046 2462 natos.

120 2479 195 2521 Sin
220 2479 272 2520 ad
297 2479 405 2521 bella
428 2481 562 2535 magis
589 2481 771 2522 studium
796 2488 1037 2535 turmasque
1063 2482 1225 2532 ferocis,

63 2548 135 2582 aut
158 2541 326 2596 Alphea
348 2543 448 2583 rotis
472 2543 657 2597 praelabi
682 2543 853 2584 flumina
877 2544 1001 2586 Pisae

64 2611 104 2647 et
126 2603 238 2645 Iovis
263 2604 304 2645 in
328 2604 422 2646 luco
448 2619 592 2646 currus
618 2605 775 2661 agitare
801 2606 991 2656 volantis,

1360 126 1414 168 61

1442 378 1505 408 145

1443 689 1507 719 150

1443 1001 1505 1031 155

1441 1313 1505 1343 160

1441 1627 1503 1656 165

1440 1939 1503 1968 170

1437 2250 1498 2280 175

1434 2562 1496 2593 180
