1660 2847
137 444 200 474 645

133 755 198 786 650

132 1067 194 1098 655

131 1379 195 1410 660

130 1692 192 1722 665

128 2006 193 2037 670

129 2317 193 2349 675

227 133 311 175 230
637 142 681 177 Ρ.
701 140 910 179 VERGILI
934 141 1159 179 MARONIS

226 245 298 300 qui
322 245 433 288 bello
457 245 581 288 exciti
605 261 739 302 reges,
766 261 873 301 quae
897 260 1106 300 quemque
1131 253 1299 289 secutae

226 309 473 363 complerint
496 322 665 363 campos
691 308 813 356 acies,
840 309 990 363 quibus
1015 309 1123 350 Itala
1146 309 1228 350 iam
1254 318 1342 351 tum

225 371 410 412 floruerit
434 378 543 412 terra
567 371 677 412 alma
702 371 812 420 viris,
838 370 990 425 quibus
1016 371 1161 413 arserit
1186 373 1329 413 armis:

225 440 267 474 et
291 433 535 474 meministis
560 433 682 482 enim,
709 433 842 483 divae,
869 440 910 475 et
934 448 1161 476 memorare
1186 434 1374 489 potestis3

224 495 277 536 ad
301 510 377 536 nos
403 495 472 535 vix
497 495 632 536 tenuis
657 495 794 537 famae
819 495 1046 551 perlabitur
1070 511 1183 537 aura.

278 556 447 599 Primus
472 557 547 597 init
574 558 727 598 bellum
754 558 981 612 Tyrrhenis
1007 573 1128 613 asper
1153 558 1205 599 ab
1230 557 1312 599 oris

223 626 483 674 contemptor
508 619 651 660 divum
674 619 911 661 Mezentius
937 620 1188 675 agminaque
1213 627 1356 662 armat.

222 682 331 723 filius
356 682 453 723 huic
477 681 594 722 iuxta
619 681 802 731 Lausus,
828 697 910 736 quo
935 682 1146 737 pulchrior
1170 683 1274 724 alter

221 759 305 786 non
331 744 422 793 fuit,
448 750 622 799 excepto
647 744 872 786 Laurentis
898 759 1069 799 corpore
1094 744 1239 794 Turni,

223 807 408 855 Lausus,
434 821 588 860 equum
613 807 790 848 domitor
815 807 1125 860 debellatorque
1149 806 1346 857 ferarum,

223 869 338 910 ducit
360 869 563 923 Agyllina
587 869 839 922 nequiquam
866 884 917 910 ex
943 869 1045 910 urbe
1071 875 1234 910 secutos

221 931 333 972 mille
358 931 482 980 viros,
508 931 673 986 dignus,
699 931 842 986 patriis
868 931 939 984 qui
963 931 1108 972 laetior
1133 937 1241 972 esset

220 993 403 1048 imperiis
428 999 470 1034 et
493 993 559 1034 cui
584 1000 702 1048 pater
727 993 839 1034 haud
864 993 1102 1034 Mezentius
1128 999 1249 1034 esset.

276 1056 382 1097 Post
406 1055 480 1096 hos
506 1055 713 1109 insignem
738 1055 878 1110 palma
901 1070 975 1110 per
999 1055 1188 1109 gramina
1213 1069 1379 1096 currum

220 1118 480 1171 victoresque
505 1124 685 1158 ostentat
710 1132 838 1171 equos
864 1126 977 1158 satus
1002 1117 1186 1158 Hercule
1211 1117 1385 1172 pulchro

220 1180 393 1236 pulcher
419 1180 655 1220 Aventinus
681 1179 898 1234 clipeoque
922 1179 1085 1234 insigne
1110 1186 1328 1234 paternum

222 1250 388 1284 centum
414 1257 574 1296 angues
601 1241 862 1295 cinctamque
888 1242 992 1295 gerit
1019 1241 1281 1296 serpentibus
1309 1241 1501 1297 hydram3

220 1305 335 1346 collis
361 1304 562 1346 Aventini
588 1304 692 1344 silva
715 1318 839 1357 quem
864 1303 984 1345 Rhea
1009 1304 1201 1345 sacerdos

219 1367 420 1409 furtivum
445 1373 567 1421 partu
592 1366 670 1407 sub
695 1366 862 1406 luminis
888 1366 1018 1406 edidit
1041 1380 1147 1413 oras,

219 1431 349 1471 mixta
375 1429 452 1469 deo
478 1428 639 1477 mulier,
665 1435 887 1483 postquam
912 1428 1142 1470 Laurentia
1166 1427 1298 1469 victor

222 1492 422 1547 Geryone
448 1492 629 1533 extincto
654 1490 899 1545 Tirynthius
925 1491 1062 1545 attigit
1088 1506 1187 1532 arva

219 1555 522 1610 Tyrrhenoque
550 1555 677 1594 boves
701 1553 745 1594 in
769 1553 939 1594 flumine
966 1553 1067 1595 lavit
1092 1554 1287 1595 Hiberas.

219 1618 304 1673 pila
328 1632 455 1658 manu
481 1630 710 1670 saevosque
734 1622 886 1670 gerunt
909 1615 952 1656 in
976 1615 1085 1656 bella
1110 1616 1281 1657 dolones

219 1687 260 1722 et
283 1680 400 1721 tereti
426 1685 618 1734 pugnant
640 1693 838 1720 mucrone
864 1692 1048 1731 veruque
1075 1676 1258 1719 Sabello.

218 1744 306 1798 ipse
337 1742 477 1797 pedes,
505 1741 688 1796 tegimen
713 1747 908 1795 torquens
934 1741 1114 1782 immane
1140 1741 1285 1790 leonis,

218 1805 390 1847 terribili
414 1805 615 1859 inpexum
640 1810 766 1852 saeta,
792 1819 887 1845 cum
912 1803 1106 1845 dentibus
1131 1803 1235 1844 albis

218 1868 387 1909 indutus
413 1866 551 1921 capiti,
576 1867 635 1907 sic
659 1866 774 1920 regia
798 1873 907 1907 tecta
931 1865 1110 1913 subibat,

216 1930 408 1972 horridus
435 1929 728 1982 Herculeoque
753 1942 919 1969 umeros
944 1928 1119 1969 innexus
1145 1927 1312 1968 amictu.

275 1992 386 2034 Tum
411 1991 565 2046 gemini
591 1991 739 2032 fratres
764 1990 957 2031 Tiburtia
980 1990 1145 2031 moenia
1168 1990 1374 2044 linquunt,

217 2055 356 2097 fratris
381 2054 549 2095 Tiburti
574 2053 727 2094 dictam
751 2053 999 2107 cognomine
1024 2060 1204 2107 gentem,

218 2117 480 2171 Catillusque
505 2131 683 2170 acerque
710 2114 856 2165 Coras,
881 2115 1044 2170 Argiva
1067 2115 1273 2164 iuventus,

220 2188 262 2223 et
284 2180 462 2236 primam
487 2186 582 2220 ante
607 2179 739 2220 aciem
764 2178 892 2219 densa
916 2178 1023 2219 inter
1047 2178 1128 2218 tela
1152 2177 1355 2227 feruntur,

219 2258 296 2285 ceu
321 2243 403 2283 duo
427 2242 665 2297 nubigenae
689 2255 783 2282 cum
809 2241 962 2282 vertice
987 2240 1138 2281 montis
1163 2239 1216 2280 ab
1242 2240 1325 2280 alto

218 2305 478 2347 descendunt
502 2303 716 2353 Centauri,
741 2303 952 2344 Homolen
978 2301 1244 2357 Othrquue
1269 2302 1447 2343 nivalem

217 2368 452 2421 linquentes
477 2381 601 2408 cursu
624 2365 788 2421 rapido3
814 2366 886 2407 dat
911 2364 1103 2407 euntibus
1128 2364 1276 2419 ingens

219 2431 324 2472 silva
346 2430 485 2471 locum
510 2436 551 2470 et
574 2443 727 2483 magno
753 2428 907 2470 cedunt
930 2427 1112 2482 virgulta
1135 2427 1315 2481 fragore.

274 2492 365 2534 Nec
389 2492 687 2533 Praenestinae
711 2490 907 2531 fundator
932 2489 1065 2531 defuit
1087 2489 1215 2538 urbis,

218 2555 407 2599 Volcano
433 2555 620 2610 genitum
644 2567 796 2608 pecora
820 2553 926 2594 inter
951 2551 1130 2607 agrestia
1153 2566 1296 2606 regem

130 2630 195 2662 680
218 2618 519 2671 inventumque
544 2616 648 2657 focis
673 2615 806 2657 omnis
832 2629 956 2669 quem
982 2614 1153 2656 credidit
1179 2621 1305 2663 aetas,
