1628 2847
506 161 758 199 AENEIDOS
782 161 878 196 LIB.
902 161 971 197 XI.
1331 153 1413 195 319

67 267 187 321 pulsa
212 266 345 316 cadat,
370 265 525 321 patrias
549 265 744 308 remeabo
769 265 972 320 inglorius
995 264 1148 308 urbes.'
1195 270 1197 272 ’

68 328 198 370 audiit
221 336 261 370 et
285 329 370 370 voti
392 328 592 370 Phoebus
617 329 840 370 succedere
863 335 1024 383 partem

65 398 204 433 mente
230 391 356 440 dedit,
381 398 542 446 partem
566 391 745 432 volueris
771 390 964 445 dispersit
986 390 1029 430 in
1055 404 1196 432 auras:
1441 401 1504 432 795

67 459 269 494 sterneret
292 460 337 494 ut
363 453 501 494 subita
525 453 735 494 turbatam
759 459 890 494 morte
918 452 1154 502 Camillam,

66 515 210 556 adnuit
233 515 365 557 oranti
374 531 384 564 3
409 515 605 557 reducem
630 523 677 556 ut
699 515 833 570 patria.
857 515 939 555 alta
963 514 1136 563 videret,

65 591 148 617 non
174 577 300 627 dedit,
325 577 450 631 inque
475 584 595 619 notos
621 592 766 618 vocem
790 583 950 618 vertere
974 576 1192 631 procellae.

66 653 178 694 ergo,
203 639 275 680 ubi
299 639 425 681 missa
449 655 576 680 manu
601 640 781 681 sonitum
807 638 919 680 dedit
943 637 1063 680 hasta
1087 653 1161 694 per
1185 653 1321 690 auraS,

67 708 304 743 convertere
329 702 489 743 animos
514 701 620 743 acris
644 702 869 754 oculosque
894 700 1025 742 tulere
1439 713 1505 744 800

66 763 203 804 cuncti
228 763 280 804 ad
304 763 492 819 reginam
516 763 673 807 Volsci.
721 763 823 804 nihil
847 763 938 817 ipsa
961 777 1039 804 nec
1063 778 1190 805 aurae

65 839 142 866 nec
165 826 323 866 sonitus
350 840 508 867 memor
532 832 603 867 aut
628 825 830 867 venientis
856 826 909 866 ab
935 825 1102 867 aethere
1127 825 1211 875 teli,

65 887 184 929 hasta
209 888 287 929 sub
312 896 497 929 exertam
522 888 654 930 donec
678 888 838 943 perlata
861 888 1061 943 papillam

64 949 198 991 haesit
221 951 536 1005 virgineumque
561 951 642 992 alte
667 950 772 992 bibit
797 957 890 992 acta
913 965 1115 992 cruorem.

65 1020 317 1054 concurrunt
339 1013 526 1068 trepidae
551 1013 720 1054 comites
747 1012 1042 1066 dominamque
1066 1019 1257 1055 ruentem
1439 1024 1503 1056 805

65 1074 308 1130 suscipiunt.
356 1075 467 1130 fugit
490 1082 584 1117 ante
610 1075 743 1116 omnis
768 1075 987 1117 exterritus
1012 1075 1191 1125 Arruns,

63 1136 220 1178 laetitia
242 1137 455 1191 mixtoque
479 1144 607 1187 metu,
633 1152 710 1180 nec
734 1137 816 1178 iam
841 1137 1020 1193 amplius
1046 1137 1189 1180 hastae

65 1200 232 1241 credere
256 1214 334 1241 nec
358 1200 449 1242 telis
475 1215 691 1242 occurrere
716 1200 887 1255 virginis
913 1199 1050 1241 audet.

64 1276 113 1303 ac
136 1262 250 1303 velut
272 1262 355 1311 ille,
381 1262 495 1317 prius
521 1277 647 1317 quam
672 1262 755 1304 tela
777 1262 946 1303 inimica
971 1268 1212 1316 sequantur,

64 1324 260 1366 continuo
285 1325 327 1365 in
350 1325 501 1366 montis
527 1340 617 1366 sese
643 1325 759 1366 avius
785 1325 946 1366 abdidit
969 1325 1072 1366 altos
1439 1338 1504 1369 810

64 1386 199 1429 occiso
224 1395 389 1442 pastore
412 1388 536 1442 lupus
561 1402 769 1442 magnove
793 1387 984 1436 iuvenco,

63 1449 253 1492 conscius
278 1450 448 1491 audacis
473 1450 585 1500 facti,
613 1450 873 1504 caudamque
897 1449 1131 1491 remulcens

64 1512 240 1554 subiecit
262 1512 516 1567 pavitantem
541 1520 658 1554 utero
685 1512 894 1566 silvasque
919 1512 1076 1567 petivit,

63 1574 177 1615 haud
201 1589 319 1616 secus
345 1590 397 1616 ex
420 1574 550 1616 oculis
575 1589 619 1616 se
644 1574 834 1615 turbidus
861 1574 1033 1616 abstulit
1057 1574 1221 1616 Arruns

63 1643 364 1691 contentusque
389 1637 491 1692 fuga
515 1636 662 1678 mediis
686 1651 731 1678 se
756 1636 967 1678 inmiscuit
991 1636 1130 1678 armis.
1438 1649 1502 1680 815

62 1699 134 1740 illa
157 1699 487 1741 manumoriens
513 1700 640 1741 telum
666 1699 803 1748 trahit,
830 1714 924 1740 ossa
949 1699 1022 1740 sed
1046 1699 1154 1741 inter

63 1761 221 1803 ferreus
246 1762 299 1803 ad
323 1769 458 1803 costas
483 1762 566 1803 alto
591 1768 670 1803 stat
696 1762 865 1803 volnere
889 1776 1045 1803 mucro.

62 1824 216 1865 labitur
241 1825 457 1880 exanguis,
482 1825 678 1865 labuntur
703 1824 856 1879 frigida
879 1825 962 1866 leto

62 1886 235 1936 lumina,
260 1902 493 1942 purpureus
517 1887 729 1941 quondam
755 1887 868 1928 color
892 1901 964 1928 ora
988 1886 1167 1940 reliquit.

63 1956 152 1990 tum
177 1949 236 1991 sic
261 1949 453 2004 expirans
478 1950 651 1999 Accam,
677 1965 730 1991 ex
754 1949 998 2003 aequalibus
1023 1964 1164 1999 unam,
1438 1961 1502 1992 820

64 2011 314 2066 adloquitur,
339 2012 423 2053 fida
447 2018 542 2054 ante
567 2012 668 2053 alias
694 2026 803 2066 quae
828 2012 915 2053 sola
941 2011 1158 2061 Camillae,

63 2073 231 2128 quicum
256 2074 399 2129 partiri
424 2089 558 2124 curas,
584 2082 707 2129 atque
733 2075 836 2116 haec
860 2075 918 2115 ita
942 2074 1071 2115 fatur:

65 2136 298 2186 ‘hactenus,
324 2137 444 2178 Acca
469 2151 596 2186 soror,
622 2137 758 2192 potui3
784 2151 896 2178 nunc
920 2137 1071 2178 vulnus
1096 2136 1294 2178 acerbum

65 2198 231 2240 conficit
255 2206 297 2241 et
320 2199 503 2241 tenebris
527 2199 768 2255 nigrescunt
793 2199 932 2241 omnia
956 2199 1125 2241 circum.

64 2261 205 2317 effuge
230 2268 271 2303 et
293 2261 397 2303 haec
420 2261 564 2303 Turno
590 2262 786 2303 mandata
809 2261 1036 2303 novissima
1059 2261 1215 2317 perfer:
1438 2273 1501 2304 825

65 2324 259 2365 succedat
284 2339 452 2378 pugnae
476 2324 763 2378 Troianosque
789 2331 928 2366 arceat
950 2324 1067 2366 urbe.

63 2384 230 2439 iamque
255 2385 372 2427 vale.'
420 2386 541 2427 simul
566 2386 629 2427 his
656 2385 774 2427 dictis
797 2386 1015 2441 linquebat
1038 2386 1237 2436 habenas,

66 2447 120 2489 ad
142 2455 293 2489 terram
317 2462 400 2489 non
425 2456 572 2504 sponte
596 2449 742 2490 fluens.
791 2455 880 2490 tum
905 2448 1060 2504 frigida
1083 2455 1169 2490 toto

65 2510 265 2564 paulatim
290 2510 441 2551 exolvit
463 2526 506 2553 se
532 2525 704 2566 corpore
728 2511 922 2565 lentaque
948 2512 1053 2552 colla

66 2578 108 2613 et
131 2580 299 2627 captum
322 2573 404 2615 leto
428 2574 567 2628 posuit
591 2580 728 2627 caput,
754 2589 869 2614 arma
892 2573 1141 2628 relinquens,
1437 2584 1502 2615 830

66 2633 234 2689 vitaque
259 2650 353 2677 cum
377 2636 537 2690 gemitu
560 2635 671 2691 fugit
693 2635 908 2691 indignata
932 2636 1010 2678 sub
1037 2636 1220 2677 umbras.
