1622 2847
167 133 220 175 36
580 140 621 174 P.
642 138 851 175 VERGILI
875 138 1099 175 MARONIS

167 250 376 287 exacuunt
400 243 468 285 alii
492 243 621 284 vallos
646 243 865 295 furcasque
889 242 1068 283 bicornis

78 318 141 348 265
167 315 292 361 atque
318 306 519 347 Amerina
543 312 689 360 parant
712 305 847 346 lentae
871 305 1098 346 retinacula
1122 304 1206 346 viti.

167 384 277 410 nunc
302 369 433 410 facilis
457 368 587 408 rubea
611 374 774 408 texatur
798 366 941 408 fiscina
964 367 1095 420 virga,

168 446 278 472 nunc
303 438 452 472 torrete
477 429 563 483 igni
587 430 742 484 fruges,
768 443 879 470 nune
902 428 1081 483 frangite
1106 442 1218 468 saxo.

168 494 321 549 quippe
346 492 469 534 etiam
494 491 610 532 festis
635 491 838 545 quaedam
864 505 1055 532 exercere
1081 491 1227 531 diebus

168 556 231 596 fas
256 564 294 596 et
319 555 410 595 iura
434 554 591 594 sinunt:
617 554 726 594 rivos
753 553 957 594 deducere
981 553 1096 593 nulla

81 628 145 657 270
171 617 331 670 relligio
357 616 499 664 vetuit,
527 615 656 669 segeti
681 615 952 670 praetendere
978 629 1156 669 saepem,

171 679 340 719 insidias
366 678 511 718 avibus
537 677 683 726 moliri,
709 677 927 718 incendere
951 691 1111 731 vepres,

171 741 468 793 balantumque
494 754 663 793 gregem
688 739 812 780 fluvio
838 753 1018 779 mersare
1044 737 1210 779 salubri.

171 817 295 856 saepe
320 802 410 843 oleo
435 801 541 841 tardi
567 808 701 842 costas
726 801 902 855 agitator
926 800 1041 842 aselli

172 864 323 905 vilibus
348 870 419 904 aut
442 870 585 903 onerat
608 863 754 918 pomis,
780 862 1041 917 lapidemque
1066 867 1273 902 revertens

83 937 146 967 275
172 926 363 967 incusum
389 932 458 966 aut
484 931 596 966 atrae
621 939 800 965 massam
825 924 925 979 picis
950 925 1052 965 urbe
1076 929 1269 978 reportat.

229 988 328 1042 Ipsa
353 987 438 1028 dies
465 987 565 1027 alios
592 986 671 1026 alio
697 986 810 1027 dedit
834 986 976 1027 ordine
1001 986 1100 1026 luna

174 1050 305 1091 felicis
330 1064 514 1104 operum.
546 1048 733 1102 quintam
756 1048 875 1102 fuge:
901 1047 1077 1102 pallidus
1103 1045 1242 1087 Orcus

176 1111 498 1164 eumenidesque
524 1118 655 1159 satae3
681 1118 768 1151 tum
792 1118 913 1164 partu
938 1110 1069 1151 Terra
1092 1108 1272 1150 nefando

178 1173 423 1227 Coeumque
449 1173 723 1227 Iapetumque
748 1179 859 1213 creat
884 1185 1139 1224 saevumque
1163 1169 1366 1225 Typhoea

87 1248 152 1278 ‘280
178 1244 218 1278 et
243 1236 476 1277 coniuratos
502 1235 663 1275 caelum
688 1234 922 1275 rescindere
946 1234 1106 1274 fratres.

176 1306 239 1340 ter
264 1305 359 1339 sunt
384 1297 519 1338 conati
543 1296 753 1350 imponere
778 1295 896 1337 Pelio
922 1294 1076 1336 Ossam

179 1360 334 1401 scilieet
359 1366 482 1412 atque
508 1356 642 1399 Ossae
666 1357 908 1399 frondosum
932 1357 1143 1398 involvere
1169 1354 1419 1410 Olympium

179 1431 241 1464 ter
265 1429 382 1477 pater
407 1427 614 1462 extructos
641 1420 801 1461 disiecit
825 1420 998 1460 fulmine
1024 1419 1186 1459 montis.

181 1485 355 1540 septima
378 1491 473 1538 post
497 1483 700 1524 decimam
725 1483 822 1524 felix
850 1490 890 1523 et
914 1497 1066 1537 ponere
1090 1481 1216 1522 vitem

92 1558 155 1588 285
181 1554 221 1589 et
244 1560 415 1601 prensos
441 1545 642 1586 domitare
667 1546 795 1587 boves
821 1552 859 1586 et
885 1545 980 1585 licia
1005 1544 1111 1585 telae

183 1609 347 1651 addere.
377 1622 489 1649 nona
513 1607 638 1662 fugae
663 1607 820 1656 melior,
847 1607 1050 1648 contraria
1073 1606 1206 1646 furtis.

238 1671 378 1711 Multa
402 1670 505 1711 adeo
530 1670 668 1724 gelida
692 1669 838 1710 melius
864 1684 907 1710 se
930 1676 1050 1710 nocte
1075 1668 1239 1716 dedere,

185 1741 256 1774 aut
280 1747 374 1774 eum
398 1733 483 1773 sole
507 1746 616 1772 novo
641 1739 770 1773 terras
793 1732 949 1772 inrorat
974 1745 1086 1772 eous.

185 1801 306 1836 nocte
331 1794 442 1835 leves
467 1793 614 1834 melius
639 1793 828 1847 stipulae,
853 1800 974 1834 noete
999 1792 1114 1833 arida
1137 1798 1255 1846 prata

98 1868 162 1898 290
187 1856 421 1904 tondentur,
446 1855 578 1896 noetis
603 1855 738 1896 lentus
763 1869 845 1896 non
870 1855 1009 1896 deficit
1033 1869 1164 1895 umor.

189 1926 229 1960 et
253 1917 423 1972 quidam
447 1931 559 1958 seros
585 1917 745 1958 hiberni
770 1917 823 1958 ad
846 1917 1013 1957 luminis
1037 1916 1155 1971 ignes

188 1979 408 2035 pervigilat
432 1979 624 2032 ferroque
648 1980 759 2020 faces
782 1979 956 2034 inspicat
982 1986 1103 2019 acuto
1112 1995 1122 2027 3

189 2043 346 2083 interea
368 2042 538 2096 longum
564 2049 687 2082 cantu
713 2042 843 2082 solata
866 2041 1050 2082 laborem

191 2112 339 2159 arguto
364 2104 544 2145 coniunx
568 2105 770 2159 percurrit
793 2104 954 2158 pectine
979 2104 1095 2152 telas,

103 2178 165 2208 295
191 2175 261 2208 aut
287 2166 418 2208 dulcis
442 2167 566 2207 musti
591 2167 777 2209 Volcano
803 2166 995 2220 decoquit
1019 2179 1204 2206 umorem

193 2236 232 2270 et
256 2229 364 2269 foliis
388 2229 543 2269 undam
568 2229 716 2283 trepidi
741 2229 957 2284 despumat
983 2229 1086 2270 aeni.

193 2298 235 2332 at
258 2290 491 2331 rubicunda
516 2290 643 2332 Ceres
669 2291 805 2332 medio
831 2291 1053 2332 succiditur
1077 2296 1194 2331 aestu

194 2359 235 2394 et
258 2352 395 2394 medio
419 2360 547 2394 tostas
572 2360 687 2395 aestu
712 2353 805 2394 terit
829 2368 925 2394 area
949 2353 1103 2407 fruges.

193 2415 330 2456 nudus
354 2430 437 2464 ara,
463 2430 553 2457 sere
576 2416 730 2465 nudus3
755 2415 886 2457 hiems
910 2416 1062 2471 ignava
1086 2414 1245 2456 colono.

105 2489 170 2519 300
195 2477 418 2532 frigoribus
443 2485 560 2532 parto
587 2478 792 2531 agricolae
816 2479 1058 2532 plerumque
1083 2477 1277 2517 fruuntur

195 2547 422 2593 mutuaque
446 2540 552 2581 inter
575 2555 619 2581 se
643 2540 741 2582 laeti
766 2540 956 2581 convivia
979 2547 1134 2581 curant.

196 2602 340 2642 invitat
366 2602 539 2657 genialis
564 2602 693 2644 hiems
719 2617 921 2658 curasque
945 2601 1125 2651 resolvit,
