1628 2847
482 143 734 180 AENEIDOS
757 143 854 179 LIB.
881 143 949 178 ΧΙ.

49 247 180 290 victor
207 247 395 303 Gargani
421 248 628 290 condebat
651 247 824 303 Iapygis
850 247 972 289 arvis.

48 317 269 365 postquam
293 310 533 365 introgressi
559 317 599 352 et
623 324 762 352 coram
788 310 884 351 data
909 309 1028 364 copia
1051 309 1180 359 fandi,

48 387 222 414 munera
245 372 530 428 praeferimus,
555 387 707 415 nomen
730 373 991 427 patriamque
1016 372 1227 422 docemus,

48 435 120 488 qui
144 435 298 476 bellum
322 435 546 483 intulerint,
573 449 680 488 quae
705 449 831 476 causa
856 434 1071 476 attraxerit
1093 435 1246 489 Arpos.

50 496 199 537 auditis
223 496 290 537 ille
315 496 417 538 haec
440 496 603 552 placido
629 497 688 537 sic
711 496 890 537 reddidit
915 511 1004 537 ore:

50 562 107 599 “o
131 559 363 599 fortunatae
387 566 547 613 gentes,
575 557 773 600 Saturnia
797 574 939 613 regna,

48 621 205 674 antiqui
229 621 421 669 Ausonii,
446 636 554 675 quae
579 636 652 662 vos
678 621 845 661 fortuna
869 621 1030 674 quietos

48 683 239 724 sollicitat
262 683 489 736 suadetque
514 683 658 738 ignota
681 683 882 724 lacessere
908 683 1042 724 bella?

48 745 298 798 quicumque
323 745 473 786 Iliacos
498 745 608 786 ferro
634 745 879 785 violavimus
906 759 1028 799 agros

47 806 180 857 (mitto
206 822 266 856 ea,
292 821 398 861 quae
423 807 552 848 muris
577 807 771 849 bellando
797 806 999 848 exhausta
1024 807 1102 848 sub
1130 807 1237 856 altis,

0 893 1 924 3
46 882 150 921 quos
176 867 329 911 Simois
353 877 514 924 premat
537 869 606 910 ille
631 869 771 921 viros),
796 868 968 910 infanda
991 884 1066 923 per
1090 869 1233 910 orbem

0 925 1 941 ³
45 931 249 985 supplicia
273 938 312 973 et
337 932 540 973 scelerum
565 946 720 986 poenas
746 932 1021 986 expendimus
1046 946 1202 979 omnes,

44 994 111 1033 vel
136 993 306 1034 Priamo
331 994 566 1035 miseranda
590 1009 755 1035 manus:
783 994 859 1034 scit
884 993 999 1034 triste
1023 994 1243 1036 Minervae

45 1054 158 1095 sidus
184 1063 225 1097 et
248 1056 461 1096 Euboicae
487 1062 627 1097 cautes
652 1056 843 1109 ultorque
870 1054 1126 1110 Caphereus.

44 1117 190 1157 militia
214 1132 265 1159 ex
288 1117 358 1158 illa
383 1118 592 1159 diversum
617 1118 670 1158 ad
695 1117 792 1158 litus
819 1117 956 1158 abacti

43 1179 216 1220 Atrides
240 1179 383 1220 Protei
408 1179 632 1221 Menelaus
657 1180 843 1233 adusque
869 1180 1083 1221 columnas

45 1242 196 1289 exulat,
221 1243 434 1283 Aetnaeos
459 1242 563 1282 vidit
588 1241 798 1296 Cyclopas
822 1241 985 1283 Ulixes.

42 1303 131 1358 ipse
155 1303 412 1358 Mycenaeus
437 1318 684 1358 magnorum
710 1304 855 1344 ductor
878 1303 1086 1345 Achivom

44 1365 231 1419 coniugis
256 1365 451 1408 infandae
475 1366 609 1420 prima
633 1366 741 1406 intra
765 1365 908 1406 limina
933 1366 1079 1406 dextra

44 1428 229 1482 oppetiit,
255 1428 461 1470 devictam
486 1428 633 1468 Asiam
660 1428 847 1470 subsedit
872 1428 1046 1469 adulter.

42 1504 173 1544 regna
196 1490 460 1545 Neoptolemi
484 1490 661 1531 referam
686 1504 909 1543 versosque
934 1498 1105 1545 penates

42 1551 281 1593 Idomenei?
317 1552 535 1606 Libycone
559 1551 795 1593 habitantes
820 1552 938 1593 litore
963 1552 1148 1593 Locros?

42 1613 239 1655 invidisse
264 1614 376 1664 deos,
401 1614 545 1669 patriis
570 1621 616 1654 ut
640 1614 826 1655 redditus
852 1613 932 1655 aris

43 1676 283 1731 coniugium
307 1683 495 1731 optatum
521 1683 561 1717 et
586 1676 801 1730 pulchram
828 1675 1047 1730 Calydona
1072 1676 1280 1718 viderem?

41 1753 154 1780 nunc
178 1738 302 1780 etiam
327 1739 511 1780 horribili
536 1738 628 1780 visu
653 1745 844 1794 portenta
869 1746 1113 1792 sequuntur,

42 1808 83 1843 et
106 1801 206 1842 socii
231 1800 372 1842 amissi
395 1801 604 1856 petierunt
628 1801 796 1843 aethera
819 1801 956 1855 pinnis

41 1863 365 1917 fluminibusque
389 1871 595 1919 vagantur
618 1879 716 1905 aves
742 1864 840 1915 (heu
867 1864 955 1904 dira
980 1879 1167 1905 nieorum

43 1925 280 1981 supplicial)
307 1932 348 1968 et
372 1927 561 1981 scopulos
585 1925 812 1968 lacrimosis
837 1926 1009 1967 vocibus
1034 1927 1219 1981 implent.

42 1988 146 2030 haec
170 1988 273 2029 adeo
300 2003 350 2029 ex
373 1988 442 2029 illo
468 1988 568 2029 mihi
592 1988 674 2030 iam
700 1988 905 2043 speranda
929 1988 1098 2029 fuerunt

42 2057 241 2105 tempore,
268 2065 362 2091 cum
386 2051 495 2092 ferro
521 2051 714 2092 caelestia
739 2065 912 2105 corpora
937 2051 1106 2092 demens

43 2113 198 2167 adpetii
222 2119 264 2154 et
287 2113 462 2155 Veneris
487 2113 639 2154 violavi
664 2113 831 2154 volnere
857 2113 1058 2154 dextram.

41 2190 94 2217 ne
119 2189 229 2224 vero,
254 2190 306 2216 ne
331 2190 398 2216 me
422 2175 473 2216 ad
499 2175 592 2216 talis
616 2175 800 2230 inpellite
825 2190 1000 2230 pugnas.

41 2251 118 2279 nec
142 2237 244 2278 mihi
267 2252 362 2278 cum
386 2237 560 2279 Teucris
585 2237 715 2278 ullum
741 2245 834 2292 post
859 2245 976 2279 eruta
1000 2238 1156 2279 bellum

41 2300 263 2354 Pergama,
287 2314 365 2341 nec
389 2307 576 2341 veterum
601 2299 770 2340 memini
794 2300 975 2341 laetorve
999 2300 1216 2341 malorum.

42 2377 229 2410 munera,
255 2375 361 2415 quae
386 2362 527 2416 patriis
554 2362 608 2402 ad
630 2376 698 2402 me
722 2362 893 2417 portatis
920 2362 972 2403 ab
998 2362 1093 2411 oris,

41 2424 188 2466 vertite
213 2423 266 2464 ad
289 2424 479 2466 Aenean.
528 2423 714 2466 stetimus
740 2424 822 2465 tela
846 2439 993 2478 aspera
1018 2432 1160 2466 contra

43 2486 376 2539 contulimusque
400 2501 567 2528 manus:
594 2493 762 2540 experto
788 2486 955 2536 credite,
982 2494 1161 2540 quantus

42 2548 84 2589 in
109 2548 288 2603 clipeum
313 2548 522 2605 adsurgat,
550 2563 632 2602 quo
658 2548 822 2589 turbine
848 2555 1040 2602 torqueat
1063 2549 1237 2590 hastam.

44 2610 78 2651 si
104 2610 185 2651 duo
211 2617 426 2664 praeterea
450 2612 542 2653 talis
567 2611 697 2651 Idaea
720 2610 882 2652 tulisset

114 2676 242 2710 Verytlius
260 2678 301 2704 ed.
316 2677 399 2705 stilo.
1149 2677 1196 2712 20

1311 134 1394 177 305

1421 445 1485 475 250

1420 756 1483 786 255

1419 1065 1484 1097 260

1418 1313 1480 1345 266

1418 1379 1481 1409 267

1417 1441 1481 1472 268

1417 1504 1481 1534 264

1417 1566 1479 1596 265

1416 1627 1478 1658 269

1415 1689 1480 1719 270

1414 2622 1477 2653 285
