1660 2847
590 151 842 189 AENEIDOS
866 153 963 188 LIB.
989 152 1073 189 VII.
1423 143 1504 186 231

162 256 384 300 Caeculus.
431 257 543 298 hunc
567 256 649 299 late
673 256 783 312 legio
809 256 1029 298 comitatur
1052 256 1242 312 agrestis,

161 321 315 375 quique
340 321 469 361 altum
492 320 721 361 Praeneste
745 319 823 361 viri
848 319 1002 373 quique
1027 335 1128 360 arva
1153 318 1346 361 Gabinae

160 382 332 424 Iunonis
357 382 625 438 gelidumque
650 382 859 424 Anienem
885 388 924 422 et
949 382 1112 423 roscida
1136 382 1234 422 rivis

159 445 344 486 Hernica
369 459 469 485 saxa
493 444 646 493 colunt,
672 458 775 498 quos
800 444 914 485 dives
939 444 1138 498 Anagnia
1161 443 1308 498 pascit,

161 521 279 560 quos,
304 507 516 548 Amasene
540 513 669 561 pater.
718 521 802 547 non
826 506 904 547 illis
931 506 1123 547 omnibus
1149 521 1278 555 arma,
1531 515 1595 546 685

160 583 238 610 nec
262 568 382 624 clipei
407 583 605 610 currusve
629 575 796 617 sonant3
820 583 917 623 pars
941 568 1124 609 maxima
1147 568 1321 623 glandes

159 630 323 672 liventis
347 630 508 685 plumbi
531 630 703 686 spargit,
727 645 822 685 pars
849 630 1007 685 spicula
1030 637 1168 685 gestat

158 692 258 733 bina
280 708 421 741 manu,
446 692 666 746 fulvosque
690 693 779 747 lupi
804 692 855 734 de
879 693 987 747 pelle
1011 693 1175 748 galeros

160 761 326 810 tegmen
351 755 507 796 habent
531 755 669 810 capiti,
695 755 872 810 vestigia
895 754 1009 796 nuda
1033 754 1186 795 sinistri

158 817 371 859 instituere
396 817 529 872 pedis,
556 817 708 859 crudus
734 817 837 872 tegit
861 817 989 859 altera
1013 832 1126 872 pero.
1530 827 1594 859 690

215 880 276 920 At
299 880 538 935 Messapus,
563 894 717 933 equum
742 879 933 929 domitor,
958 879 1172 934 Neptunia
1196 879 1347 934 proles,

158 955 282 995 quem
307 957 442 996 neque
467 942 530 983 fas
554 941 641 996 igni
667 942 862 995 cuiquam
886 957 963 983 nec
988 950 1170 983 sternere
1196 942 1319 991 ferro,

157 1003 241 1045 iam
264 1004 426 1058 pridem
450 1004 605 1045 resides
629 1004 806 1058 populos
833 1004 1086 1057 desuetaque
1113 1004 1220 1045 bello

159 1065 327 1120 agmina
350 1066 392 1106 in
418 1081 533 1106 arma
557 1073 679 1106 vocat
703 1065 840 1106 subito
865 1066 1103 1119 ferrumque
1129 1072 1335 1106 retractat.

157 1128 199 1168 hi
223 1128 505 1169 Fescenninas
531 1127 639 1169 acies
664 1128 921 1181 Aequosque
945 1128 1145 1176 Faliscos,
1532 1136 1595 1168 695

157 1190 200 1231 hi
225 1189 409 1232 Soractis
434 1189 590 1231 habent
613 1204 728 1231 arces
753 1190 1028 1243 Flaviniaque
1054 1206 1153 1231 arva

157 1259 198 1293 et
223 1250 377 1293 Cimini
402 1267 495 1293 cum
521 1258 661 1293 monte
684 1252 823 1294 lacum
846 1253 1045 1306 lucosque
1072 1251 1280 1307 Capenos.

156 1315 273 1356 ibant.
297 1315 463 1368 aequati
487 1330 660 1356 numero
686 1329 912 1370 regemque
938 1316 1156 1365 canebant,

157 1392 234 1419 ceu
259 1377 469 1431 quondam
493 1377 604 1418 nivei
628 1377 786 1430 liquida
809 1377 915 1419 inter
940 1377 1082 1419 nubila
1107 1377 1239 1432 cycni,

157 1454 253 1481 cum
278 1454 367 1481 sese
393 1455 414 1480 e
439 1446 560 1494 pastu
585 1439 771 1481 referunt
796 1446 838 1480 et
859 1440 986 1494 longa
1011 1454 1183 1481 canoros
1529 1450 1594 1481 700

157 1502 258 1543 dant
280 1517 354 1557 per
378 1502 484 1543 colla
506 1501 652 1542 modos
660 1518 671 1551 3
698 1508 817 1543 sonat
842 1502 974 1543 amnis
1000 1509 1041 1543 et
1064 1502 1170 1543 Asia
1193 1502 1317 1556 longe

155 1564 277 1619 pulsa
300 1564 433 1619 palus.

155 1641 232 1667 nec
256 1626 475 1680 quisquam
503 1632 661 1667 aeratas
687 1625 796 1667 acies
822 1641 873 1668 ex
898 1626 1064 1682 agmine
1089 1632 1204 1667 tanto

155 1688 319 1730 misceri
342 1695 472 1743 putet,
498 1688 651 1729 aeriam
676 1688 750 1729 sed
774 1688 941 1743 gurgite
967 1689 1019 1729 ab
1044 1688 1127 1730 alto

155 1751 295 1806 urgeri
320 1751 536 1791 volucrum
560 1765 781 1792 raucarum
806 1751 860 1791 ad
883 1751 1004 1792 litora
1030 1751 1199 1792 nubem.
1529 1762 1592 1793 705

212 1814 324 1854 Ecce
349 1812 603 1855 Sabinorum
628 1813 763 1867 prisco
789 1813 840 1854 de
866 1813 1069 1867 sanguine
1093 1828 1294 1867 magnum

156 1891 307 1931 agmen
333 1890 461 1931 agens
487 1874 667 1917 Clausus
692 1875 918 1930 magnique
942 1876 1031 1930 ipse
1057 1876 1233 1930 agminis
1259 1876 1401 1925 instar,

158 1937 337 1980 Claudia
361 1951 471 1978 nunc
495 1953 519 1978 a
543 1951 625 1991 quo
651 1937 897 1978 diffunditur
921 1945 960 1978 et
984 1937 1116 1978 tribus
1142 1945 1183 1978 et
1207 1953 1311 1992 gens

155 2015 231 2055 per
254 2000 438 2049 Latium,
462 2008 684 2054 postquam
708 2000 751 2040 in
775 2006 936 2054 partem
962 2000 1057 2040 data
1082 2000 1219 2041 Roma
1245 1999 1427 2041 Sabinis.

156 2078 240 2103 una
263 2062 410 2118 ingens
436 2062 657 2102 Amiterna
682 2061 829 2103 cohors
853 2061 1062 2116 priscique
1089 2061 1288 2113 QuiriteS,
1529 2075 1593 2105 710

156 2124 273 2166 Ereti
297 2140 446 2165 manus
471 2124 604 2165 omnis
629 2123 926 2177 oliviferaeque
950 2124 1188 2173 Mutuscae,

157 2187 229 2241 qui
252 2187 506 2228 Nomentum
532 2186 692 2236 urbem,
717 2185 789 2240 qui
813 2186 951 2228 Rosea
974 2201 1072 2227 rura
1096 2187 1249 2235 Velini,

156 2249 229 2303 qui
252 2249 442 2291 Tetricae
467 2249 670 2290 horrentis
695 2263 819 2304 rupes
845 2255 1112 2302 montemque
1139 2248 1342 2290 Severum

159 2311 487 2366 Casperiamque
512 2312 653 2352 colunt
676 2310 937 2365 Forulosque
963 2318 1004 2352 et
1027 2312 1182 2352 flumen
1208 2311 1428 2361 Himellae,

156 2374 229 2428 qui
253 2373 438 2414 Tiberim
462 2373 743 2427 Fabarimque
768 2373 928 2421 bibunt,
954 2388 1057 2428 quos
1084 2373 1236 2428 frigida
1262 2373 1372 2414 misit
1529 2386 1591 2416 715

155 2437 312 2478 Nursia
335 2442 376 2477 et
398 2436 602 2477 Hortinae
628 2436 777 2477 classes
801 2436 1025 2490 populique
1050 2436 1204 2484 Latini,

156 2512 345 2553 quosque
371 2513 514 2539 secans
536 2498 765 2539 infaustum
789 2497 973 2539 interluit
996 2498 1110 2539 Allia
1134 2513 1304 2540 nomen:

156 2575 283 2616 quam
307 2561 426 2601 multi
450 2561 613 2616 Libyco
638 2561 861 2601 volvuntur
884 2575 1087 2601 marmore
1112 2561 1274 2611 fluctus,

158 2638 306 2666 saevus
331 2623 404 2664 ubi
429 2622 563 2666 Orion
585 2622 770 2665 hibernis
796 2623 986 2664 conditur
1009 2622 1145 2673 undis,
