1660 2847
197 167 279 209 200
605 177 646 213 P.
667 176 878 213 VERGILI
902 177 1126 214 MARONIS

196 288 492 334 aeternumque
516 280 631 321 locus
655 280 844 322 Palinuri
869 295 1022 322 nomen
1047 281 1245 323 habebit?

194 342 258 382 his
284 343 402 384 dictis
428 357 551 383 curae
577 350 737 384 emotae
762 343 990 397 pulsusque
1014 357 1239 398 parumper

198 405 321 445 corde
347 405 463 445 dolor
488 404 611 453 tristi3
637 405 793 459 gaudet
817 405 1064 459 cognomine
1089 413 1211 448 terra.

252 466 366 521 Ergo
392 467 469 508 iter
493 467 704 520 inceptum
728 474 933 521 peragunt
957 467 1167 522 fluvioque
1192 467 1485 522 propinquant.

106 539 169 569 385
192 528 334 569 navita
358 543 461 581 quos
485 528 568 569 iam
592 528 688 570 inde
712 535 759 569 ut
784 527 934 583 Stygia
958 530 1171 584 prospexit
1194 530 1247 570 ab
1272 530 1385 570 unda

194 605 267 646 per
291 590 462 631 tacitum
487 605 633 631 nemus
658 590 717 631 ire
742 591 975 645 pedemque
1001 591 1215 633 advertere
1240 591 1367 646 ripae,

197 652 254 693 sic
279 652 390 707 prior
416 651 658 706 adgreditur
684 652 802 693 dictis
828 659 953 706 atque
978 652 1164 708 increpat
1188 654 1314 694 ultro:

195 714 401 767 ‘quisquis
426 728 484 763 es,
511 720 693 755 armatus
718 715 790 768 qui
814 721 955 755 nostra
979 715 1032 755 ad
1055 715 1227 755 flumina
1252 714 1399 762 tendis,

196 776 284 817 fare
310 791 401 830 age,
434 775 535 829 quid
559 776 715 825 venias,
747 776 829 816 iam
854 776 987 825 istinc,
1020 784 1060 818 et
1084 777 1309 831 comprime
1340 790 1543 831 gressum.

106 849 171 880 390
194 839 437 879 umbrarum
462 838 528 879 hic
552 838 668 879 locus
694 846 769 887 est,
796 838 930 879 somni
956 839 1172 892 noctisque
1198 853 1390 894 soporae3

195 915 369 955 corpora
392 900 489 941 viva
512 900 629 941 nefas
660 900 812 955 Stygia
837 907 1000 941 vectare
1026 901 1179 941 carina.

194 977 271 1004 nec
296 977 393 1004 vero
419 962 600 1003 Alciden
625 977 691 1003 me
718 977 809 1003 sum
837 963 1012 1003 laetatus
1039 969 1207 1004 euntem

195 1026 403 1080 accepisse
427 1025 521 1066 lacu
544 1039 622 1066 nec
651 1025 818 1066 Thesea
841 1025 1173 1078 Pirithoumque,

197 1088 260 1128 dis
286 1102 541 1141 quamquam
564 1087 695 1142 geniti
720 1094 846 1140 atque
871 1087 1013 1128 invicti
1038 1087 1195 1128 viribus
1221 1093 1370 1128 essent.

109 1162 172 1193 395
198 1150 446 1191 Tartareum
472 1150 540 1191 ille
566 1165 692 1190 manu
719 1150 932 1190 custodem
958 1150 999 1189 in
1025 1150 1162 1190 vincla
1186 1149 1345 1204 petivit,

195 1212 325 1268 ipsius
351 1228 375 1253 a
400 1212 501 1253 solio
527 1212 650 1266 regis,
677 1212 884 1265 traxitque
910 1218 1174 1261 trementem3

197 1275 239 1316 hi
265 1275 473 1316 dominam
501 1274 613 1315 Ditis
638 1274 821 1315 thalamo
847 1274 1053 1315 deducere
1079 1274 1238 1315 adorti.’

198 1352 305 1392 quae
331 1345 473 1378 contra
497 1337 678 1378 breviter
702 1337 789 1377 fata
813 1344 875 1378 est
900 1337 1157 1392 Amphrysia
1181 1343 1316 1379 vates:

198 1400 356 1441 ‘nullae
381 1399 448 1441 hic
471 1399 646 1440 insidiae
671 1400 773 1440 tales
799 1399 969 1450 (absiste
995 1400 1180 1450 moveri),

106 1474 172 1505 400
196 1477 273 1504 nec
298 1463 382 1502 vim
407 1462 489 1502 tela
514 1462 670 1510 ferunt,
697 1461 793 1503 licet
818 1462 966 1516 ingens
991 1461 1139 1503 ianitor
1164 1469 1282 1502 antro

199 1532 412 1566 aeternum
436 1524 591 1565 latrans
617 1524 819 1578 exanguis
844 1531 993 1565 terreat
1019 1524 1203 1573 umbras,

197 1594 311 1628 casta
334 1586 430 1628 licet
454 1586 591 1640 patrui
617 1593 753 1628 servet
776 1587 1027 1641 Proserpina
1052 1586 1191 1628 limen.

198 1649 348 1690 Troius
374 1649 555 1697 Aeneas,
582 1648 734 1703 pietate
760 1649 933 1703 insignis
960 1656 1000 1690 et
1025 1649 1162 1697 armis,

199 1711 252 1752 ad
277 1711 507 1765 genitorem
531 1711 635 1751 imas
661 1710 788 1752 Erebi
815 1711 1029 1752 descendit
1053 1711 1106 1751 ad
1131 1710 1314 1751 umbras.

108 1785 173 1817 405
199 1774 233 1815 si
257 1781 296 1814 te
321 1773 435 1814 nulla
459 1780 598 1814 movet
623 1780 762 1814 tantae
787 1773 951 1828 pietatis
976 1773 1129 1828 imag0‚

199 1842 242 1877 at
263 1850 426 1876 ramum
452 1835 580 1876 hunc'
608 1836 758 1889 (aperit
781 1851 955 1883 ramum,
981 1835 1052 1888 qui
1078 1842 1191 1876 veste
1215 1834 1389 1886 latebat)

202 1898 481 1953 ‘adgnoscas.'
529 1897 691 1938 tumida
717 1913 767 1939 ex
792 1898 853 1939 ira
877 1905 965 1938 tum
991 1897 1116 1939 corda
1140 1897 1340 1939 residunt.

201 1975 277 2002 nec
302 1961 422 2015 plura
446 1960 521 2002 his.
577 1961 644 2002 ille
671 1961 879 2002 admirans
904 1960 1141 2002 venerabile
1167 1960 1323 2001 donum

201 2023 338 2064 fatalis
363 2023 518 2078 virgae,
543 2022 669 2077 longo
694 2030 789 2078 post
812 2030 997 2078 tempore
1022 2022 1171 2071 visum,

112 2098 177 2129 410
203 2086 437 2127 caeruleam
462 2085 640 2126 advertit
665 2085 839 2140 puppim
863 2086 1060 2140 ripaeque
1085 2084 1348 2139 propinquat.

201 2147 297 2189 inde
322 2147 422 2188 alias
448 2147 620 2197 animas,
646 2162 752 2201 quae
778 2162 851 2202 per
873 2148 973 2202 iuga
997 2148 1123 2202 longa
1148 2146 1361 2194 sedebant,

203 2209 396 2251 deturbat
419 2210 615 2263 laxatque
640 2210 771 2259 foros3
797 2210 919 2250 simul
945 2209 1096 2264 accipit
1121 2209 1238 2250 alveo

202 2272 415 2327 ingentem
439 2272 628 2313 Aenean.
676 2272 835 2326 gemuit
860 2272 937 2313 sub
962 2271 1145 2326 pondere
1173 2269 1326 2311 cumba

204 2334 336 2376 sutilis
362 2340 402 2374 et
425 2334 598 2374 multam
624 2334 783 2388 accepit
807 2334 960 2374 rimosa
984 2333 1190 2388 paludem.

114 2409 177 2440 415
203 2396 370 2437 tandem
395 2403 507 2436 trans
532 2396 706 2437 fluvium
729 2396 948 2437 incolumis
973 2402 1192 2448 vatemque
1218 2394 1435 2447 virumque

203 2458 369 2499 informi
393 2457 491 2498 limo
517 2458 750 2513 glaucaque
776 2458 946 2513 exponit
970 2458 1011 2498 in
1035 2457 1145 2498 ulva.

263 2519 471 2561 Cerberus
497 2520 599 2562 haec
622 2521 769 2576 ingens
793 2521 943 2561 latratu
967 2535 1097 2575 regna
1121 2518 1286 2560 trifauci

204 2589 410 2638 personat,
436 2582 610 2624 adverso
635 2583 840 2625 recubans
865 2582 1056 2623 immanis
1081 2581 1123 2622 in
1149 2589 1280 2622 antro.

207 2646 273 2687 cui
298 2651 428 2694 vates,
453 2644 619 2687 horrere
645 2646 789 2688 videns
813 2645 896 2686 iam
922 2645 1028 2686 colla
1052 2643 1245 2693 colubris,
