1622 2847
119 342 181 372 105

198 151 262 195 ⁷92
626 159 668 196 P.
686 158 897 196 VERGILI
921 158 1145 197 MARONIS

207 268 458 320 franguntur
482 264 598 313 remi,
625 271 714 305 tum
739 279 862 320 prora
887 264 1036 306 avertit
1060 270 1101 306 et
1124 264 1247 306 undis

208 329 279 369 dat
301 329 422 377 latus,
449 326 680 380 insequitur
704 327 871 369 cumulo
895 333 1143 382 praeruptus
1169 342 1301 381 aquae
1327 342 1459 371 mons.

206 390 250 431 hi
275 405 438 431 summo
462 390 505 430 in
530 390 659 430 fluctu
683 389 878 444 pendent,
904 388 968 430 his
993 389 1105 430 unda
1130 389 1346 432 dehiscens

207 460 359 494 terram
385 453 490 493 inter
514 452 663 493 fluctus
690 451 834 506 aperit,
860 451 961 492 furit
985 458 1122 493 aestus
1148 451 1326 493 harenis.

208 516 279 557 tris
304 515 441 556 Notus
466 514 661 569 abreptas
685 514 728 555 in
754 529 854 554 saxa
878 514 1048 556 latentia
1072 520 1238 567 torquet

157 615 161 620 ⁴
207 578 328 630 (saxa
355 584 504 619 vocant
528 576 637 626 Itali,
663 577 810 619 mediis
835 590 943 630 quae
966 577 1009 617 in
1033 576 1241 625 fluctibus,
1268 578 1393 626 Aras,

118 652 182 683 110

121 964 182 994 115

123 1592 184 1623 125

125 1905 187 1935 130

127 2216 189 2247 135

208 641 377 681 dorsum
401 639 568 680 inmane
592 639 697 680 mari
722 640 915 692 summo),
942 639 1013 680 tris
1038 639 1179 679 Eurus
1205 639 1257 679 ab
1283 639 1366 680 alto

206 703 248 744 in
273 703 416 744 brevia
441 709 483 743 et
506 701 629 756 syrtis
654 708 776 757 urget
800 700 1052 752 (miserabile
1077 701 1186 751 visu)

206 765 426 819 inliditque
451 764 568 805 vadis
594 770 719 817 atque
744 778 899 818 aggere
924 763 1054 818 cingit
1077 762 1269 805 harenae.

207 843 348 877 unam,
374 841 481 881 quae
506 826 662 881 Lycios
687 826 901 880 fidumque
925 825 1105 867 vehebat
1129 823 1333 875 Oronten,

206 890 337 945 ipsius
363 897 458 931 ante
483 889 624 930 oculos
650 889 799 943 ingens
825 904 849 929 a
874 888 1026 929 vertice
1051 894 1203 943 pontus

208 953 251 994 in
276 952 448 1008 puppim
473 951 586 993 ferit:
614 951 822 993 excutitur
846 964 1085 1005 pronusque
1109 950 1308 1004 magister

208 1015 388 1056 volvitur
412 1014 453 1055 in
480 1020 617 1069 caput,
644 1020 708 1054 ast
730 1013 843 1054 illam
869 1020 930 1054 ter
953 1013 1104 1054 fluctus
1128 1012 1284 1053 ibidem

208 1084 373 1132 torquet
397 1092 525 1132 agens
551 1076 707 1118 circum
733 1082 772 1117 et
796 1076 967 1130 rapidus
992 1081 1111 1116 vorat
1136 1089 1315 1129 aequore
1340 1078 1495 1116 vertex.

209 1147 411 1195 apparent
434 1139 516 1181 rari
540 1146 687 1181 nantes
712 1139 755 1179 in
779 1138 946 1194 gurgite
971 1144 1103 1187 vasto,

209 1218 324 1244 arma
349 1203 483 1243 virum
508 1202 759 1255 tabulaeque
785 1207 826 1242 et
848 1200 975 1242 Troia
999 1215 1106 1255 gaza
1129 1215 1204 1255 per
1227 1199 1373 1241 undas.

208 1266 291 1306 iam
316 1265 498 1306 validam
522 1264 669 1305 Ilionei
693 1278 857 1313 navem,
882 1263 965 1304 iam
990 1263 1106 1304 fortis
1131 1262 1299 1312 Achati,

210 1335 251 1369 et
275 1343 358 1382 qua
383 1334 526 1369 vectus
551 1327 671 1368 Abas
696 1333 737 1368 et
760 1340 843 1380 qua
867 1325 1131 1380 grandaevus
1157 1325 1318 1374 Aletes,

209 1390 309 1431 vicit
331 1390 476 1438 hiems,
502 1389 603 1430 laxis
628 1390 805 1430 laterum
830 1387 1103 1442 compagibus
1129 1401 1273 1428 omnes

211 1453 420 1508 accipiunt
444 1452 659 1493 inimicum
684 1451 861 1493 imbrem
884 1450 1082 1504 rimisque
1107 1450 1318 1491 fatiscunt.

266 1516 432 1557 Interea
455 1529 609 1569 magno
633 1514 798 1555 misceri
822 1528 1034 1554 murmure
1058 1519 1235 1567 pontum

211 1579 489 1632 emissamque
515 1577 694 1619 hiemem
719 1576 847 1618 sensit
870 1575 1091 1630 Neptunus
1117 1581 1158 1616 et
1181 1574 1274 1615 imis

211 1649 358 1695 stagna
383 1640 524 1681 refusa
548 1640 679 1688 vadis,
705 1639 886 1694 graviter
911 1644 1161 1686 commotus3
1187 1643 1229 1678 et
1253 1636 1335 1677 alto

210 1703 466 1758 prospiciens
492 1718 655 1744 summa
678 1701 888 1757 placidum
913 1707 1038 1755 caput
1062 1699 1210 1741 extulit
1233 1699 1358 1739 unda.

212 1766 426 1807 disiectam
451 1766 624 1806 Aeneae
649 1770 734 1806 toto
759 1764 873 1804 videt
897 1776 1077 1816 aequore
1102 1761 1298 1811 classem,

210 1828 406 1869 fluctibus
432 1841 650 1882 oppressos
675 1827 808 1867 Troas
833 1825 1020 1879 caelique
1044 1824 1177 1866 ruina.

211 1906 288 1933 nec
313 1891 469 1931 latuere
495 1890 578 1931 doli
604 1889 775 1930 fratrem
800 1888 973 1930 Iunonis
999 1894 1041 1929 et
1063 1887 1162 1928 irae.

213 1953 376 1995 Eurum
401 1952 454 1994 ad
479 1967 522 1994 se
549 1952 874 2007 Zephyrumque
899 1957 1033 1998 vocat,
1059 1949 1209 1991 dehinc
1234 1947 1334 1990 talia
1357 1946 1488 1989 fatur:

213 2021 401 2058 ‘tantane
426 2030 500 2057 vos
525 2015 690 2070 generis
714 2014 848 2056 tenuit
870 2012 1023 2054 fiducia
1047 2011 1197 2054 vestri?

212 2079 296 2120 iam
321 2079 482 2120 caelum
507 2084 743 2131 terramque
766 2090 859 2118 meo
885 2076 972 2116 sine
996 2075 1180 2124 numine,
1205 2073 1331 2122 venti,

213 2142 385 2183 miscere
410 2148 452 2183 et
475 2147 609 2181 tantas
635 2139 794 2181 audetis
820 2139 963 2180 tollere
988 2138 1141 2179 moles?

215 2219 320 2259 quos
346 2218 424 2258 ego
449 2202 522 2244 ——1
550 2203 623 2244 sed
648 2209 782 2243 motos
807 2207 991 2256 praestat
1014 2213 1262 2254 componere
1285 2198 1455 2239 fluctus:

215 2274 309 2323 post
333 2265 435 2306 mihi
459 2279 542 2306 non
567 2264 689 2305 simili
713 2279 849 2319 poena
873 2263 1094 2304 commissa
1116 2261 1253 2303 luetis.

215 2335 420 2370 maturate
445 2327 591 2382 fugam
615 2327 787 2382 regique
811 2326 914 2368 haec
939 2325 1061 2366 dicite
1087 2330 1237 2373 vestro,

215 2407 299 2433 non
324 2391 381 2431 illi
405 2390 626 2445 imperium
650 2389 790 2444 pelagi
815 2402 1069 2441 saevumque
1094 2386 1328 2435 tridentem,

217 2454 290 2495 sed
315 2453 415 2494 mihi
440 2459 548 2494 sorte
573 2452 730 2493 datum.
779 2458 892 2493 tenet
913 2451 982 2492 ille
1005 2449 1188 2491 inmania
1213 2463 1327 2497 saxa,

131 2528 194 2558 140
219 2523 390 2565 vestras,
416 2515 544 2563 Eure,
571 2516 735 2564 domos3
761 2514 831 2555 illa
855 2528 899 2555 se
923 2513 1047 2554 iactet
1070 2512 1118 2553 in·
1138 2511 1234 2552 aula

218 2579 380 2621 Aeolus
406 2585 446 2619 et
471 2578 611 2618 clauso
636 2583 855 2619 ventorum
881 2590 1045 2617 carcere
1070 2572 1242 2629 regnet.'

277 2640 349 2684 Sic
374 2641 443 2690 ait,
470 2648 510 2682 et
535 2640 643 2682 dicto
669 2639 790 2681 citius
815 2639 973 2680 tumida
997 2651 1178 2693 aequora
1203 2636 1342 2692 placat
