1622 2847
524 158 776 197 AEN'EIDOS
800 159 896 195 LlB.
922 159 987 195 III.

88 265 261 307 numina
283 280 437 321 magna
460 272 583 306 vocat
604 264 856 318 meritosque
880 263 1026 305 indicit
1049 263 1246 304 honores:

89 328 165 377 ‘di‚
191 327 405 383 prohibete
429 327 562 368 minas
571 343 580 376 3
608 327 663 376 di,
689 327 815 368 talem
840 326 1013 368 avertite
1039 340 1182 367 casum

88 397 131 431 et
152 390 303 445 placidi
327 395 486 430 servate
510 388 627 443 pios.’
675 395 764 429 tum
788 388 906 429 litore
931 388 1074 430 funem

88 452 274 506 deripere
299 465 580 504 excussosque
603 450 721 491 iubet
744 451 884 491 laxare
908 450 1118 492 rudentes.

87 514 265 556 tendunt
286 514 379 555 vela
402 513 508 561 noti3
533 512 718 568 fugimus
744 512 1035 567 spumantibus
1060 512 1196 561 undis,

88 589 172 629 qua
197 590 363 617 cursum
388 582 620 628 ventusque
645 574 982 629 gubernatorque
1006 574 1196 615 vocabat.

87 637 171 678 iam
194 637 331 678 medio
357 644 531 691 apparet
554 636 682 677 fluctu
707 650 926 677 nemorosa
952 636 1190 690 Zacynthos

86 697 415 752 Dulichiumque
442 697 652 751 Sameque
678 706 719 738 et
742 698 909 739 Neritos
935 699 1066 739 ardua
1090 698 1213 739 saxis.

88 760 313 815 effugimus
337 761 531 815 scopulos
557 760 741 808 Ithacae,
767 760 938 801 Laertia
962 776 1105 815 regna,

87 829 129 864 et
152 830 304 863 terram
328 823 514 864 altricem
538 822 651 863 saevi
676 836 919 863 execramur
942 821 1073 863 Ulixi.

86 898 185 925 mox
209 892 250 926 et
272 884 487 926 Leucatae
511 884 701 925 nimbosa
726 884 941 925 cacumina
965 885 1116 926 montis

87 954 129 988 et
152 946 397 987 formidatus
421 947 559 987 nautis
585 946 768 1000 aperitur
793 947 958 1000 Apollo.

86 1008 198 1049 hunc
222 1009 400 1063 petimus
425 1008 525 1050 fessi
550 1015 589 1050 et
614 1023 766 1063 parvae
792 1009 1054 1050 succedimus
1079 1008 1192 1057 urbi3

88 1071 269 1112 anchora
294 1071 345 1112 de
369 1085 493 1125 prora
516 1070 676 1119 iacitur,
703 1078 813 1111 stant
835 1071 955 1112 litore
980 1086 1157 1126 puppes.

142 1132 259 1188 Ergo
283 1133 493 1187 insperata
517 1132 684 1173 tandem
711 1133 855 1174 tellure
879 1133 999 1187 potiti

85 1194 393 1248 lustramurque
416 1194 509 1236 Iovi
533 1195 722 1248 votisque
746 1195 1007 1236 incendimus
1033 1211 1125 1237 aras

85 1257 295 1311 Actiaque
319 1257 458 1298 Iliacis
484 1257 743 1299 celebramus
767 1258 888 1298 litora
911 1258 1033 1299 ludis.

87 1327 282 1361 exercent
304 1320 458 1374 patrias
484 1319 574 1360 oleo
599 1319 764 1361 labente
788 1320 1016 1374 palaestras

86 1381 232 1422 nudati
257 1381 375 1430 socii3
401 1382 516 1422 iuvat
540 1383 721 1423 evasisse
745 1390 806 1423 tot
830 1383 954 1424 urbes

85 1443 308 1499 Argolicas
332 1443 575 1497 mediosque
600 1444 745 1499 fugam
770 1445 953 1486 tenuisse
977 1459 1051 1499 per
1074 1444 1216 1486 hostis.

85 1505 243 1547 interea
266 1521 467 1561 magnum
491 1506 552 1547 sol
577 1507 916 1548 circumvolvitur
940 1522 1096 1547 annum

86 1577 128 1609 et
151 1568 338 1623 glacialis
362 1568 493 1609 hiems
520 1568 782 1621 aquilonibus
808 1576 974 1623 asperat
996 1569 1150 1610 undas:

87 1645 182 1671 aere
207 1645 308 1672 cavo
334 1631 526 1685 clipeum,
553 1630 695 1685 magni
719 1638 936 1685 gestamen
961 1631 1157 1680 Abantis,

85 1693 274 1747 postibus
299 1693 482 1734 adversis
507 1693 590 1747 figo
615 1701 656 1734 et
679 1709 766 1734 rem
792 1694 975 1734 carmine
1001 1693 1133 1748 signo,

87 1756 274 1796 ‘Aeneas
299 1755 402 1797 haec
426 1755 478 1796 de
502 1754 663 1796 Danais
689 1756 915 1796 victoribus
942 1771 1056 1797 arma
1065 1756 1093 1804 3'

86 1817 273 1870 linquere
297 1824 385 1857 tum
410 1825 552 1871 portus
576 1817 701 1859 iubeo
726 1826 767 1859 et
791 1818 1007 1859 considere
1032 1817 1233 1858 transtris.

88 1880 273 1921 certatim
298 1879 397 1920 socii
422 1879 577 1920 feriunt
601 1895 714 1920 mare
739 1888 780 1921 et
805 1894 987 1933 aequora
1011 1888 1194 1921 verrunt.

86 1942 272 1996 protinus
297 1941 428 1982 aerias
452 1941 694 1982 Phaeacum
720 1941 1013 1983 abscondimus
1039 1957 1168 1991 arces,

87 2004 288 2056 litoraque
312 2003 431 2058 Epiri
455 2003 632 2058 legimus
656 2012 862 2058 portuque
888 2004 1075 2044 subimus

89 2065 275 2108 Chaonio
301 2073 341 2106 et
365 2065 518 2106 celsam
542 2065 737 2106 Buthroti
762 2066 998 2107 accedimus
1024 2066 1184 2107 urbem.

144 2128 228 2168 Hic
250 2127 502 2168 incredibilis
526 2142 662 2168 rerum
687 2127 801 2168 fama
825 2136 1002 2182 occupat
1027 2128 1151 2176 auris,

87 2190 329 2232 Priamiden
354 2190 566 2231 Helenum
592 2188 741 2230 Graias
767 2205 942 2245 regnare
966 2205 1040 2245 per
1064 2190 1204 2239 urbes,

89 2252 282 2308 coniugio
308 2252 519 2294 Aeacidae
544 2252 697 2306 Pyrrhi
722 2253 976 2307 sceptrisque
1001 2253 1191 2307 potitum,

89 2322 130 2357 et
153 2314 286 2369 patrio
311 2314 638 2356 Andromachen
662 2315 812 2356 iterum
838 2315 1013 2356 cessisse
1038 2315 1199 2356 marito.

89 2377 283 2431 obstipui,
308 2377 494 2431 miroque
519 2378 735 2419 incensum
758 2385 901 2432 pectus
927 2392 1079 2426 amore,

90 2440 338 2494 compellare
361 2440 496 2480 virum
522 2448 561 2481 et
585 2454 705 2480 casus
731 2454 982 2495 cognoscere
1007 2447 1156 2480 tantos.

89 2501 333 2557 progredior
356 2509 490 2556 portu,
517 2502 669 2542 classes
695 2510 734 2542 et
758 2502 879 2543 litora
903 2503 1108 2555 linquens,

91 2563 299 2605 sollemnis
325 2578 419 2604 cum
443 2563 548 2605 forte
574 2564 702 2618 dapes
728 2572 769 2605 et
792 2565 924 2605 tristia
949 2565 1057 2605 dona

91 2633 186 2667 ante
210 2625 358 2667 urbem
382 2625 424 2666 in
447 2626 541 2667 luco
566 2625 660 2668 falsi
685 2625 910 2669 Simoentis
936 2627 990 2668 ad
1013 2626 1170 2667 undam

1352 148 1430 191 137

1458 335 1522 365 265

1461 646 1525 676 270

1460 954 1523 986 275

1460 1268 1525 1299 280

1459 1578 1522 1610 285

1459 2512 1523 2544 300
