<?xml version="1.0" encoding="UTF-8"?>
<!DOCTYPE html PUBLIC "-//W3C//DTD XHTML 1.0 Transitional//EN"
    "http://www.w3.org/TR/xhtml1/DTD/xhtml1-transitional.dtd">
<html xmlns="http://www.w3.org/1999/xhtml" xml:lang="en" lang="en">
 <head>
  <title>
</title>
<meta http-equiv="Content-Type" content="text/html;charset=utf-8" />
  <meta name='ocr-system' content='tesseract 3.04.00' />
  <meta name='ocr-capabilities' content='ocr_page ocr_carea ocr_par ocr_line ocrx_word'/>
</head>
<body>
  <div class='ocr_page' id='page_1' title='image "./carmina00virguoft_0395.png"; bbox 0 0 1628 2847; ppageno 0'>
   <div class='ocr_carea' id='block_1_1' title="bbox 509 147 1428 206">
    <p class='ocr_par' dir='ltr' id='par_1_1' title="bbox 509 147 1428 206">
     <span class='ocr_line' id='line_1_1' title="bbox 509 147 1428 206; baseline -0.004 -11"><span class='ocrx_word' id='word_1_1' title='bbox 509 157 763 203; x_wconf 81' lang='lat' dir='ltr'>AENEIDOS</span> <span class='ocrx_word' id='word_1_2' title='bbox 787 158 883 194; x_wconf 85' lang='lat' dir='ltr'><strong>LIB.</strong></span> <span class='ocrx_word' id='word_1_3' title='bbox 907 158 998 206; x_wconf 60' lang='grc' dir='ltr'>ΧΠ,</span> <span class='ocrx_word' id='word_1_4' title='bbox 1332 147 1428 205; x_wconf 60' lang='lat'>3331</span> 
     </span>
    </p>
   </div>
   <div class='ocr_carea' id='block_1_2' title="bbox 75 262 1520 2691">
    <p class='ocr_par' dir='ltr' id='par_1_2' title="bbox 82 262 1042 318">
     <span class='ocr_line' id='line_1_2' title="bbox 82 262 1042 318; baseline -0.001 -13"><span class='ocrx_word' id='word_1_5' title='bbox 82 263 280 306; x_wconf 85' lang='lat' dir='ltr'>fumantis</span> <span class='ocrx_word' id='word_1_6' title='bbox 305 264 455 306; x_wconf 86' lang='lat' dir='ltr'>sudore</span> <span class='ocrx_word' id='word_1_7' title='bbox 480 263 626 318; x_wconf 87' lang='lat' dir='ltr'>quatit,</span> <span class='ocrx_word' id='word_1_8' title='bbox 651 263 886 305; x_wconf 80' lang='lat' dir='ltr'>miserabile</span> <span class='ocrx_word' id='word_1_9' title='bbox 912 262 1042 304; x_wconf 88' lang='lat' dir='ltr'>caesis</span> 
     </span>
    </p>

    <p class='ocr_par' dir='ltr' id='par_1_3' title="bbox 82 325 1190 382">
     <span class='ocr_line' id='line_1_3' title="bbox 82 325 1190 382; baseline -0.004 -13"><span class='ocrx_word' id='word_1_10' title='bbox 82 327 272 369; x_wconf 80' lang='lat' dir='ltr'><strong>hostibus</strong></span> <span class='ocrx_word' id='word_1_11' title='bbox 295 327 517 376; x_wconf 84' lang='lat' dir='ltr'>insultans3</span> <span class='ocrx_word' id='word_1_12' title='bbox 544 326 702 382; x_wconf 79' lang='lat' dir='ltr'>spargit</span> <span class='ocrx_word' id='word_1_13' title='bbox 725 325 872 381; x_wconf 88' lang='lat' dir='ltr'>rapida</span> <span class='ocrx_word' id='word_1_14' title='bbox 896 325 1055 381; x_wconf 89' lang='lat' dir='ltr'>ungula</span> <span class='ocrx_word' id='word_1_15' title='bbox 1078 339 1190 366; x_wconf 86' lang='lat' dir='ltr'>rores</span> 
     </span>
    </p>

    <p class='ocr_par' dir='ltr' id='par_1_4' title="bbox 80 388 1520 693">
     <span class='ocr_line' id='line_1_4' title="bbox 82 388 1520 444; baseline -0.003 -13"><span class='ocrx_word' id='word_1_16' title='bbox 82 389 333 444; x_wconf 87' lang='lat' dir='ltr'>sanguineos</span> <span class='ocrx_word' id='word_1_17' title='bbox 357 389 569 443; x_wconf 85' lang='lat' dir='ltr'>mixtaque</span> <span class='ocrx_word' id='word_1_18' title='bbox 595 403 715 430; x_wconf 91' lang='lat' dir='ltr'>cruor</span> <span class='ocrx_word' id='word_1_19' title='bbox 740 389 922 429; x_wconf 87' lang='lat' dir='ltr'>calcatur</span> <span class='ocrx_word' id='word_1_20' title='bbox 947 388 1114 429; x_wconf 84' lang='lat' dir='ltr'>harena.</span> <span class='ocrx_word' id='word_1_21' title='bbox 1456 398 1520 428; x_wconf 80' lang='lat'>340</span> 
     </span>
     <span class='ocr_line' id='line_1_5' title="bbox 81 449 1519 505; baseline -0.001 -14"><span class='ocrx_word' id='word_1_22' title='bbox 81 449 249 505; x_wconf 89' lang='lat' dir='ltr'>iamque</span> <span class='ocrx_word' id='word_1_23' title='bbox 267 452 372 493; x_wconf 84' lang='lat' dir='ltr'>Neci</span> <span class='ocrx_word' id='word_1_24' title='bbox 393 450 723 505; x_wconf 86' lang='lat' dir='ltr'>Sthenelumque</span> <span class='ocrx_word' id='word_1_25' title='bbox 743 450 856 492; x_wconf 86' lang='lat' dir='ltr'>dedit</span> <span class='ocrx_word' id='word_1_26' title='bbox 877 450 1221 505; x_wconf 87' lang='lat' dir='ltr'>Thamyrumque</span> <span class='ocrx_word' id='word_1_27' title='bbox 1239 449 1519 504; x_wconf 87' lang='lat' dir='ltr'>Pholumque,</span> 
     </span>
     <span class='ocr_line' id='line_1_6' title="bbox 81 512 1362 568; baseline -0.002 -14"><span class='ocrx_word' id='word_1_28' title='bbox 81 512 192 554; x_wconf 89' lang='lat' dir='ltr'>hunc</span> <span class='ocrx_word' id='word_1_29' title='bbox 217 528 464 568; x_wconf 87' lang='lat' dir='ltr'>congressus</span> <span class='ocrx_word' id='word_1_30' title='bbox 491 520 531 555; x_wconf 92' lang='lat' dir='ltr'>et</span> <span class='ocrx_word' id='word_1_31' title='bbox 554 514 678 562; x_wconf 88' lang='lat' dir='ltr'>hunc,</span> <span class='ocrx_word' id='word_1_32' title='bbox 704 513 821 554; x_wconf 90' lang='lat' dir='ltr'>illum</span> <span class='ocrx_word' id='word_1_33' title='bbox 847 512 1007 554; x_wconf 91' lang='lat' dir='ltr'>eminus</span> <span class='ocrx_word' id='word_1_34' title='bbox 1017 529 1027 562; x_wconf 91' lang='lat'>;</span> <span class='ocrx_word' id='word_1_35' title='bbox 1054 512 1213 553; x_wconf 87' lang='lat' dir='ltr'>eminus</span> <span class='ocrx_word' id='word_1_36' title='bbox 1240 512 1362 553; x_wconf 89' lang='lat' dir='ltr'>ambo</span> 
     </span>
     <span class='ocr_line' id='line_1_7' title="bbox 80 574 1406 630; baseline -0.002 -14"><span class='ocrx_word' id='word_1_37' title='bbox 80 574 347 625; x_wconf 82' lang='lat' dir='ltr'>Imbrasidas,</span> <span class='ocrx_word' id='word_1_38' title='bbox 375 574 587 617; x_wconf 85' lang='lat' dir='ltr'>Glaucum</span> <span class='ocrx_word' id='word_1_39' title='bbox 612 582 735 630; x_wconf 90' lang='lat' dir='ltr'>atque</span> <span class='ocrx_word' id='word_1_40' title='bbox 760 574 922 623; x_wconf 84' lang='lat' dir='ltr'>Laden,</span> <span class='ocrx_word' id='word_1_41' title='bbox 948 589 1052 628; x_wconf 89' lang='lat' dir='ltr'>quos</span> <span class='ocrx_word' id='word_1_42' title='bbox 1077 574 1293 615; x_wconf 86' lang='lat' dir='ltr'>Imbrasus</span> <span class='ocrx_word' id='word_1_43' title='bbox 1317 574 1406 628; x_wconf 87' lang='lat' dir='ltr'>ipse</span> 
     </span>
     <span class='ocr_line' id='line_1_8' title="bbox 80 637 1124 693; baseline -0.002 -15"><span class='ocrx_word' id='word_1_44' title='bbox 80 637 280 679; x_wconf 86' lang='lat' dir='ltr'>nutrierat</span> <span class='ocrx_word' id='word_1_45' title='bbox 304 638 438 692; x_wconf 87' lang='lat' dir='ltr'>Lycia</span> <span class='ocrx_word' id='word_1_46' title='bbox 462 638 718 693; x_wconf 82' lang='lat' dir='ltr'>paribusque</span> <span class='ocrx_word' id='word_1_47' title='bbox 743 643 962 678; x_wconf 83' lang='lat' dir='ltr'>ornaverat</span> <span class='ocrx_word' id='word_1_48' title='bbox 987 637 1124 686; x_wconf 88' lang='lat' dir='ltr'>armis,</span> 
     </span>
    </p>

    <p class='ocr_par' dir='ltr' id='par_1_5' title="bbox 79 699 1518 817">
     <span class='ocr_line' id='line_1_9' title="bbox 81 699 1518 754; baseline -0.001 -14"><span class='ocrx_word' id='word_1_49' title='bbox 81 699 147 740; x_wconf 88' lang='lat' dir='ltr'>vel</span> <span class='ocrx_word' id='word_1_50' title='bbox 172 700 358 742; x_wconf 87' lang='lat' dir='ltr'>conferre</span> <span class='ocrx_word' id='word_1_51' title='bbox 382 716 553 741; x_wconf 87' lang='lat' dir='ltr'>manum</span> <span class='ocrx_word' id='word_1_52' title='bbox 578 700 643 742; x_wconf 91' lang='lat' dir='ltr'>vel</span> <span class='ocrx_word' id='word_1_53' title='bbox 668 714 776 754; x_wconf 90' lang='lat' dir='ltr'>equo</span> <span class='ocrx_word' id='word_1_54' title='bbox 800 706 1062 754; x_wconf 87' lang='lat' dir='ltr'>praevertere</span> <span class='ocrx_word' id='word_1_55' title='bbox 1087 706 1245 740; x_wconf 86' lang='lat' dir='ltr'>ventos.</span> <span class='ocrx_word' id='word_1_56' title='bbox 1454 708 1518 739; x_wconf 78' lang='lat'>345</span> 
     </span>
     <span class='ocr_line' id='line_1_10' title="bbox 79 761 1112 817; baseline -0.001 -15"><span class='ocrx_word' id='word_1_57' title='bbox 79 767 196 816; x_wconf 87' lang='lat' dir='ltr'>parte</span> <span class='ocrx_word' id='word_1_58' title='bbox 221 762 301 803; x_wconf 86' lang='lat' dir='ltr'>alia</span> <span class='ocrx_word' id='word_1_59' title='bbox 324 762 462 804; x_wconf 88' lang='lat' dir='ltr'>media</span> <span class='ocrx_word' id='word_1_60' title='bbox 486 761 697 804; x_wconf 87' lang='lat' dir='ltr'>Eumedes</span> <span class='ocrx_word' id='word_1_61' title='bbox 720 762 764 803; x_wconf 90' lang='lat' dir='ltr'>in</span> <span class='ocrx_word' id='word_1_62' title='bbox 787 761 945 817; x_wconf 86' lang='lat' dir='ltr'>proelia</span> <span class='ocrx_word' id='word_1_63' title='bbox 968 761 1112 810; x_wconf 86' lang='lat' dir='ltr'>fertur,</span> 
     </span>
    </p>

    <p class='ocr_par' dir='ltr' id='par_1_6' title="bbox 81 824 990 880">
     <span class='ocr_line' id='line_1_11' title="bbox 81 824 990 880; baseline 0.001 -16"><span class='ocrx_word' id='word_1_64' title='bbox 81 824 241 878; x_wconf 87' lang='lat' dir='ltr'>antiqui</span> <span class='ocrx_word' id='word_1_65' title='bbox 265 826 401 880; x_wconf 90' lang='lat' dir='ltr'>proles</span> <span class='ocrx_word' id='word_1_66' title='bbox 426 825 536 866; x_wconf 91' lang='lat' dir='ltr'>bello</span> <span class='ocrx_word' id='word_1_67' title='bbox 561 824 775 880; x_wconf 89' lang='lat' dir='ltr'>praeclara</span> <span class='ocrx_word' id='word_1_68' title='bbox 800 824 990 873; x_wconf 89' lang='lat' dir='ltr'>Dolonis,</span> 
     </span>
    </p>

    <p class='ocr_par' dir='ltr' id='par_1_7' title="bbox 79 886 1334 941">
     <span class='ocr_line' id='line_1_12' title="bbox 79 886 1334 941; baseline -0.001 -14"><span class='ocrx_word' id='word_1_69' title='bbox 79 886 245 928; x_wconf 88' lang='lat' dir='ltr'>nomine</span> <span class='ocrx_word' id='word_1_70' title='bbox 270 902 394 928; x_wconf 87' lang='lat' dir='ltr'>avum</span> <span class='ocrx_word' id='word_1_71' title='bbox 419 888 616 936; x_wconf 86' lang='lat' dir='ltr'>referens,</span> <span class='ocrx_word' id='word_1_72' title='bbox 644 887 780 928; x_wconf 91' lang='lat' dir='ltr'>animo</span> <span class='ocrx_word' id='word_1_73' title='bbox 805 886 1082 940; x_wconf 88' lang='lat' dir='ltr'>manibusque</span> <span class='ocrx_word' id='word_1_74' title='bbox 1107 893 1334 941; x_wconf 81' lang='lat' dir='ltr'>parentem,</span> 
     </span>
    </p>

    <p class='ocr_par' dir='ltr' id='par_1_8' title="bbox 80 949 1282 1003">
     <span class='ocr_line' id='line_1_13' title="bbox 80 949 1282 1003; baseline 0 -13"><span class='ocrx_word' id='word_1_75' title='bbox 80 949 152 1002; x_wconf 92' lang='lat' dir='ltr'>qui</span> <span class='ocrx_word' id='word_1_76' title='bbox 176 950 400 1003; x_wconf 89' lang='lat' dir='ltr'>quondam,</span> <span class='ocrx_word' id='word_1_77' title='bbox 426 957 561 991; x_wconf 87' lang='lat' dir='ltr'>castra</span> <span class='ocrx_word' id='word_1_78' title='bbox 584 956 632 991; x_wconf 86' lang='lat' dir='ltr'>ut</span> <span class='ocrx_word' id='word_1_79' title='bbox 654 949 854 990; x_wconf 86' lang='lat' dir='ltr'>Danaum</span> <span class='ocrx_word' id='word_1_80' title='bbox 879 950 1113 1003; x_wconf 84' lang='lat' dir='ltr'>speculator</span> <span class='ocrx_word' id='word_1_81' title='bbox 1138 949 1282 997; x_wconf 87' lang='lat' dir='ltr'>adiret,</span> 
     </span>
    </p>

    <p class='ocr_par' dir='ltr' id='par_1_9' title="bbox 78 1012 1518 1129">
     <span class='ocr_line' id='line_1_14' title="bbox 80 1012 1518 1067; baseline -0.001 -14"><span class='ocrx_word' id='word_1_82' title='bbox 80 1026 205 1053; x_wconf 86' lang='lat' dir='ltr'>ausus</span> <span class='ocrx_word' id='word_1_83' title='bbox 229 1012 402 1053; x_wconf 85' lang='lat' dir='ltr'>Pelidae</span> <span class='ocrx_word' id='word_1_84' title='bbox 426 1012 605 1067; x_wconf 88' lang='lat' dir='ltr'>pretium</span> <span class='ocrx_word' id='word_1_85' title='bbox 630 1012 709 1052; x_wconf 86' lang='lat' dir='ltr'>sibi</span> <span class='ocrx_word' id='word_1_86' title='bbox 732 1026 902 1066; x_wconf 89' lang='lat' dir='ltr'>poscere</span> <span class='ocrx_word' id='word_1_87' title='bbox 927 1026 1072 1053; x_wconf 89' lang='lat' dir='ltr'>currus</span> <span class='ocrx_word' id='word_1_88' title='bbox 1081 1027 1091 1060; x_wconf 87' lang='lat'><em>3</em></span> <span class='ocrx_word' id='word_1_89' title='bbox 1451 1021 1518 1053; x_wconf 86' lang='lat'>350</span> 
     </span>
     <span class='ocr_line' id='line_1_15' title="bbox 78 1073 923 1129; baseline 0 -15"><span class='ocrx_word' id='word_1_90' title='bbox 78 1073 195 1114; x_wconf 89' lang='lat' dir='ltr'>illum</span> <span class='ocrx_word' id='word_1_91' title='bbox 219 1074 404 1129; x_wconf 86' lang='lat' dir='ltr'>Tydides</span> <span class='ocrx_word' id='word_1_92' title='bbox 429 1074 509 1115; x_wconf 87' lang='lat' dir='ltr'>alio</span> <span class='ocrx_word' id='word_1_93' title='bbox 533 1089 608 1129; x_wconf 91' lang='lat' dir='ltr'>pro</span> <span class='ocrx_word' id='word_1_94' title='bbox 634 1074 787 1115; x_wconf 85' lang='lat' dir='ltr'>talibus</span> <span class='ocrx_word' id='word_1_95' title='bbox 813 1074 923 1115; x_wconf 89' lang='lat' dir='ltr'>ausis</span> 
     </span>
    </p>

    <p class='ocr_par' dir='ltr' id='par_1_10' title="bbox 80 1135 1073 1191">
     <span class='ocr_line' id='line_1_16' title="bbox 80 1135 1073 1191; baseline 0.001 -15"><span class='ocrx_word' id='word_1_96' title='bbox 80 1135 234 1178; x_wconf 80' lang='lat' dir='ltr'>adfecit</span> <span class='ocrx_word' id='word_1_97' title='bbox 257 1137 403 1191; x_wconf 86' lang='lat' dir='ltr'>pretio,</span> <span class='ocrx_word' id='word_1_98' title='bbox 428 1151 505 1178; x_wconf 91' lang='lat' dir='ltr'>nec</span> <span class='ocrx_word' id='word_1_99' title='bbox 531 1136 647 1190; x_wconf 86' lang='lat' dir='ltr'>equis</span> <span class='ocrx_word' id='word_1_100' title='bbox 674 1136 858 1191; x_wconf 85' lang='lat' dir='ltr'>adspirat</span> <span class='ocrx_word' id='word_1_101' title='bbox 881 1135 1073 1177; x_wconf 77' lang='lat' dir='ltr'>Achillis.</span> 
     </span>
    </p>

    <p class='ocr_par' dir='ltr' id='par_1_11' title="bbox 78 1198 1214 1254">
     <span class='ocr_line' id='line_1_17' title="bbox 78 1198 1214 1254; baseline 0 -15"><span class='ocrx_word' id='word_1_102' title='bbox 78 1198 190 1240; x_wconf 90' lang='lat' dir='ltr'>hunc</span> <span class='ocrx_word' id='word_1_103' title='bbox 212 1199 357 1254; x_wconf 87' lang='lat' dir='ltr'>procul</span> <span class='ocrx_word' id='word_1_104' title='bbox 382 1205 429 1240; x_wconf 86' lang='lat' dir='ltr'>ut</span> <span class='ocrx_word' id='word_1_105' title='bbox 453 1213 599 1253; x_wconf 89' lang='lat' dir='ltr'>campo</span> <span class='ocrx_word' id='word_1_106' title='bbox 624 1199 792 1240; x_wconf 88' lang='lat' dir='ltr'>Turnus</span> <span class='ocrx_word' id='word_1_107' title='bbox 817 1199 1029 1254; x_wconf 83' lang='lat' dir='ltr'>prospexit</span> <span class='ocrx_word' id='word_1_108' title='bbox 1058 1206 1214 1253; x_wconf 86' lang='lat' dir='ltr'>aperto,</span> 
     </span>
    </p>

    <p class='ocr_par' dir='ltr' id='par_1_12' title="bbox 78 1261 1085 1316">
     <span class='ocr_line' id='line_1_18' title="bbox 78 1261 1085 1316; baseline 0.001 -15"><span class='ocrx_word' id='word_1_109' title='bbox 78 1267 174 1302; x_wconf 87' lang='lat' dir='ltr'>ante</span> <span class='ocrx_word' id='word_1_110' title='bbox 198 1261 279 1302; x_wconf 91' lang='lat' dir='ltr'>levi</span> <span class='ocrx_word' id='word_1_111' title='bbox 302 1261 438 1303; x_wconf 89' lang='lat' dir='ltr'>iaculo</span> <span class='ocrx_word' id='word_1_112' title='bbox 463 1262 636 1316; x_wconf 90' lang='lat' dir='ltr'>longum</span> <span class='ocrx_word' id='word_1_113' title='bbox 660 1276 734 1316; x_wconf 91' lang='lat' dir='ltr'>per</span> <span class='ocrx_word' id='word_1_114' title='bbox 757 1261 879 1302; x_wconf 88' lang='lat' dir='ltr'>inane</span> <span class='ocrx_word' id='word_1_115' title='bbox 905 1268 1085 1311; x_wconf 86' lang='lat' dir='ltr'>secutus,</span> 
     </span>
    </p>

    <p class='ocr_par' dir='ltr' id='par_1_13' title="bbox 78 1323 1516 1441">
     <span class='ocr_line' id='line_1_19' title="bbox 78 1323 1516 1378; baseline 0.002 -15"><span class='ocrx_word' id='word_1_116' title='bbox 78 1323 186 1364; x_wconf 89' lang='lat' dir='ltr'>sistit</span> <span class='ocrx_word' id='word_1_117' title='bbox 209 1338 339 1377; x_wconf 88' lang='lat' dir='ltr'>equos</span> <span class='ocrx_word' id='word_1_118' title='bbox 363 1324 517 1378; x_wconf 86' lang='lat' dir='ltr'>biiugis</span> <span class='ocrx_word' id='word_1_119' title='bbox 543 1331 584 1365; x_wconf 92' lang='lat' dir='ltr'>et</span> <span class='ocrx_word' id='word_1_120' title='bbox 609 1338 733 1364; x_wconf 89' lang='lat' dir='ltr'>curru</span> <span class='ocrx_word' id='word_1_121' title='bbox 759 1323 897 1364; x_wconf 88' lang='lat' dir='ltr'>desilit</span> <span class='ocrx_word' id='word_1_122' title='bbox 921 1330 1044 1377; x_wconf 87' lang='lat' dir='ltr'>atque</span> <span class='ocrx_word' id='word_1_123' title='bbox 1453 1335 1516 1366; x_wconf 84' lang='lat'>355</span> 
     </span>
     <span class='ocr_line' id='line_1_20' title="bbox 78 1385 1126 1441; baseline 0 -15"><span class='ocrx_word' id='word_1_124' title='bbox 78 1385 308 1427; x_wconf 89' lang='lat' dir='ltr'>semianimi</span> <span class='ocrx_word' id='word_1_125' title='bbox 332 1386 534 1441; x_wconf 87' lang='lat' dir='ltr'>lapsoque</span> <span class='ocrx_word' id='word_1_126' title='bbox 560 1385 800 1440; x_wconf 90' lang='lat' dir='ltr'>supervenit</span> <span class='ocrx_word' id='word_1_127' title='bbox 824 1392 864 1427; x_wconf 91' lang='lat' dir='ltr'>et</span> <span class='ocrx_word' id='word_1_128' title='bbox 888 1386 995 1440; x_wconf 92' lang='lat' dir='ltr'>pede</span> <span class='ocrx_word' id='word_1_129' title='bbox 1020 1386 1126 1426; x_wconf 90' lang='lat' dir='ltr'>collo</span> 
     </span>
    </p>

    <p class='ocr_par' dir='ltr' id='par_1_14' title="bbox 76 1447 1144 1502">
     <span class='ocr_line' id='line_1_21' title="bbox 76 1447 1144 1502; baseline 0 -14"><span class='ocrx_word' id='word_1_130' title='bbox 76 1447 264 1502; x_wconf 86' lang='lat' dir='ltr'>inpresso</span> <span class='ocrx_word' id='word_1_131' title='bbox 290 1448 460 1489; x_wconf 85' lang='lat' dir='ltr'>dextrae</span> <span class='ocrx_word' id='word_1_132' title='bbox 485 1462 727 1489; x_wconf 89' lang='lat' dir='ltr'>mucronem</span> <span class='ocrx_word' id='word_1_133' title='bbox 752 1454 971 1501; x_wconf 86' lang='lat' dir='ltr'>extorquet</span> <span class='ocrx_word' id='word_1_134' title='bbox 996 1454 1034 1488; x_wconf 89' lang='lat' dir='ltr'>et</span> <span class='ocrx_word' id='word_1_135' title='bbox 1062 1448 1144 1488; x_wconf 89' lang='lat' dir='ltr'>alto</span> 
     </span>
    </p>

    <p class='ocr_par' dir='ltr' id='par_1_15' title="bbox 77 1509 1283 1565">
     <span class='ocr_line' id='line_1_22' title="bbox 77 1509 1283 1565; baseline 0.001 -15"><span class='ocrx_word' id='word_1_136' title='bbox 77 1509 309 1565; x_wconf 85' lang='lat' dir='ltr'>fulgentem</span> <span class='ocrx_word' id='word_1_137' title='bbox 334 1510 486 1565; x_wconf 87' lang='lat' dir='ltr'>tinguit</span> <span class='ocrx_word' id='word_1_138' title='bbox 509 1510 653 1565; x_wconf 92' lang='lat' dir='ltr'>iugulo</span> <span class='ocrx_word' id='word_1_139' title='bbox 679 1518 803 1563; x_wconf 88' lang='lat' dir='ltr'>atque</span> <span class='ocrx_word' id='word_1_140' title='bbox 828 1510 932 1552; x_wconf 80' lang='lat' dir='ltr'>haec</span> <span class='ocrx_word' id='word_1_141' title='bbox 955 1510 1126 1565; x_wconf 88' lang='lat' dir='ltr'>insuper</span> <span class='ocrx_word' id='word_1_142' title='bbox 1151 1510 1283 1552; x_wconf 86' lang='lat' dir='ltr'>addit:</span> 
     </span>
    </p>

    <p class='ocr_par' dir='ltr' id='par_1_16' title="bbox 78 1573 1075 1628">
     <span class='ocr_line' id='line_1_23' title="bbox 78 1573 1075 1628; baseline 0.001 -15"><span class='ocrx_word' id='word_1_143' title='bbox 78 1576 163 1621; x_wconf 89' lang='lat' dir='ltr'>‘en‚</span> <span class='ocrx_word' id='word_1_144' title='bbox 189 1588 312 1627; x_wconf 77' lang='lat' dir='ltr'>agros</span> <span class='ocrx_word' id='word_1_145' title='bbox 338 1579 378 1614; x_wconf 89' lang='lat' dir='ltr'>et</span> <span class='ocrx_word' id='word_1_146' title='bbox 402 1587 529 1627; x_wconf 85' lang='lat' dir='ltr'>quam</span> <span class='ocrx_word' id='word_1_147' title='bbox 554 1573 677 1622; x_wconf 91' lang='lat' dir='ltr'>bello,</span> <span class='ocrx_word' id='word_1_148' title='bbox 703 1573 898 1622; x_wconf 87' lang='lat' dir='ltr'>Troiane,</span> <span class='ocrx_word' id='word_1_149' title='bbox 924 1573 1075 1628; x_wconf 86' lang='lat' dir='ltr'>petisti,</span> 
     </span>
    </p>

    <p class='ocr_par' dir='ltr' id='par_1_17' title="bbox 76 1635 1517 1752">
     <span class='ocr_line' id='line_1_24' title="bbox 76 1635 1517 1690; baseline 0.003 -15"><span class='ocrx_word' id='word_1_150' title='bbox 76 1635 328 1690; x_wconf 84' lang='lat' dir='ltr'>Hesperiam</span> <span class='ocrx_word' id='word_1_151' title='bbox 352 1636 498 1676; x_wconf 85' lang='lat' dir='ltr'>metire</span> <span class='ocrx_word' id='word_1_152' title='bbox 522 1635 680 1677; x_wconf 89' lang='lat' dir='ltr'>iacens:</span> <span class='ocrx_word' id='word_1_153' title='bbox 706 1635 810 1676; x_wconf 89' lang='lat' dir='ltr'>haec</span> <span class='ocrx_word' id='word_1_154' title='bbox 834 1635 1032 1690; x_wconf 88' lang='lat' dir='ltr'>praemia,</span> <span class='ocrx_word' id='word_1_155' title='bbox 1057 1635 1128 1689; x_wconf 90' lang='lat' dir='ltr'>qui</span> <span class='ocrx_word' id='word_1_156' title='bbox 1153 1651 1219 1677; x_wconf 91' lang='lat' dir='ltr'>me</span> <span class='ocrx_word' id='word_1_157' title='bbox 1453 1650 1517 1680; x_wconf 81' lang='lat'>360</span> 
     </span>
     <span class='ocr_line' id='line_1_25' title="bbox 76 1696 1229 1752; baseline 0 -14"><span class='ocrx_word' id='word_1_158' title='bbox 76 1696 186 1738; x_wconf 87' lang='lat' dir='ltr'>ferro</span> <span class='ocrx_word' id='word_1_159' title='bbox 212 1698 302 1738; x_wconf 90' lang='lat' dir='ltr'>ausi</span> <span class='ocrx_word' id='word_1_160' title='bbox 326 1704 543 1752; x_wconf 86' lang='lat' dir='ltr'>temptare,</span> <span class='ocrx_word' id='word_1_161' title='bbox 569 1697 721 1745; x_wconf 87' lang='lat' dir='ltr'>ferunt,</span> <span class='ocrx_word' id='word_1_162' title='bbox 747 1698 806 1739; x_wconf 90' lang='lat' dir='ltr'>sic</span> <span class='ocrx_word' id='word_1_163' title='bbox 830 1698 994 1739; x_wconf 90' lang='lat' dir='ltr'>moenia</span> <span class='ocrx_word' id='word_1_164' title='bbox 1019 1697 1229 1739; x_wconf 87' lang='lat' dir='ltr'>condunt.’</span> 
     </span>
    </p>

    <p class='ocr_par' dir='ltr' id='par_1_18' title="bbox 76 1759 1163 1815">
     <span class='ocr_line' id='line_1_26' title="bbox 76 1759 1163 1815; baseline 0 -15"><span class='ocrx_word' id='word_1_165' title='bbox 76 1759 173 1800; x_wconf 86' lang='lat' dir='ltr'>huic</span> <span class='ocrx_word' id='word_1_166' title='bbox 197 1760 390 1801; x_wconf 89' lang='lat' dir='ltr'>comitem</span> <span class='ocrx_word' id='word_1_167' title='bbox 414 1760 608 1814; x_wconf 86' lang='lat' dir='ltr'>Asbyten</span> <span class='ocrx_word' id='word_1_168' title='bbox 634 1760 820 1801; x_wconf 86' lang='lat' dir='ltr'>coniecta</span> <span class='ocrx_word' id='word_1_169' title='bbox 844 1760 1015 1815; x_wconf 87' lang='lat' dir='ltr'>cuspide</span> <span class='ocrx_word' id='word_1_170' title='bbox 1040 1760 1163 1800; x_wconf 83' lang='lat' dir='ltr'>mittit</span> 
     </span>
    </p>

    <p class='ocr_par' dir='ltr' id='par_1_19' title="bbox 78 1820 1342 1877">
     <span class='ocr_line' id='line_1_27' title="bbox 78 1820 1342 1877; baseline 0.002 -15"><span class='ocrx_word' id='word_1_171' title='bbox 78 1820 341 1876; x_wconf 88' lang='lat' dir='ltr'>Chloreaque</span> <span class='ocrx_word' id='word_1_172' title='bbox 368 1821 647 1877; x_wconf 86' lang='lat' dir='ltr'>Sybarimque</span> <span class='ocrx_word' id='word_1_173' title='bbox 672 1821 914 1876; x_wconf 84' lang='lat' dir='ltr'>Daretaque</span> <span class='ocrx_word' id='word_1_174' title='bbox 940 1823 1342 1877; x_wconf 88' lang='lat' dir='ltr'>Thersilochumque</span> 
     </span>
    </p>

    <p class='ocr_par' dir='ltr' id='par_1_20' title="bbox 77 1884 1133 1940">
     <span class='ocr_line' id='line_1_28' title="bbox 77 1884 1133 1940; baseline 0.001 -14"><span class='ocrx_word' id='word_1_175' title='bbox 77 1891 118 1926; x_wconf 86' lang='lat' dir='ltr'>et</span> <span class='ocrx_word' id='word_1_176' title='bbox 141 1884 339 1926; x_wconf 88' lang='lat' dir='ltr'>sternacis</span> <span class='ocrx_word' id='word_1_177' title='bbox 363 1885 460 1938; x_wconf 92' lang='lat' dir='ltr'>equi</span> <span class='ocrx_word' id='word_1_178' title='bbox 482 1885 646 1939; x_wconf 90' lang='lat' dir='ltr'>lapsum</span> <span class='ocrx_word' id='word_1_179' title='bbox 671 1885 832 1926; x_wconf 88' lang='lat' dir='ltr'>cervice</span> <span class='ocrx_word' id='word_1_180' title='bbox 857 1885 1133 1940; x_wconf 86' lang='lat' dir='ltr'>Thymoeten.</span> 
     </span>
    </p>

    <p class='ocr_par' dir='ltr' id='par_1_21' title="bbox 75 1947 1516 2064">
     <span class='ocr_line' id='line_1_29' title="bbox 76 1947 1516 2003; baseline 0.002 -15"><span class='ocrx_word' id='word_1_181' title='bbox 76 1962 125 1989; x_wconf 88' lang='lat' dir='ltr'>ac</span> <span class='ocrx_word' id='word_1_182' title='bbox 149 1947 264 1989; x_wconf 90' lang='lat' dir='ltr'>velut</span> <span class='ocrx_word' id='word_1_183' title='bbox 289 1947 428 1988; x_wconf 84' lang='lat' dir='ltr'>Edoni</span> <span class='ocrx_word' id='word_1_184' title='bbox 452 1948 613 1989; x_wconf 87' lang='lat' dir='ltr'>Boreae</span> <span class='ocrx_word' id='word_1_185' title='bbox 639 1962 733 1989; x_wconf 89' lang='lat' dir='ltr'>cum</span> <span class='ocrx_word' id='word_1_186' title='bbox 759 1949 927 2003; x_wconf 86' lang='lat' dir='ltr'>spiritus</span> <span class='ocrx_word' id='word_1_187' title='bbox 952 1949 1034 1990; x_wconf 85' lang='lat' dir='ltr'>alto</span> <span class='ocrx_word' id='word_1_188' title='bbox 1453 1959 1516 1991; x_wconf 84' lang='lat'>365</span> 
     </span>
     <span class='ocr_line' id='line_1_30' title="bbox 75 2009 1150 2064; baseline 0.002 -14"><span class='ocrx_word' id='word_1_189' title='bbox 75 2009 241 2050; x_wconf 88' lang='lat' dir='ltr'>insonat</span> <span class='ocrx_word' id='word_1_190' title='bbox 263 2010 439 2064; x_wconf 89' lang='lat' dir='ltr'>Aegaeo</span> <span class='ocrx_word' id='word_1_191' title='bbox 465 2010 734 2064; x_wconf 83' lang='lat' dir='ltr'>sequiturque</span> <span class='ocrx_word' id='word_1_192' title='bbox 760 2011 812 2050; x_wconf 89' lang='lat' dir='ltr'>ad</span> <span class='ocrx_word' id='word_1_193' title='bbox 837 2011 958 2051; x_wconf 85' lang='lat' dir='ltr'>litora</span> <span class='ocrx_word' id='word_1_194' title='bbox 981 2011 1150 2060; x_wconf 81' lang='lat' dir='ltr'>fluctus3</span> 
     </span>
    </p>

    <p class='ocr_par' dir='ltr' id='par_1_22' title="bbox 75 2071 1183 2126">
     <span class='ocr_line' id='line_1_31' title="bbox 75 2071 1183 2126; baseline 0.001 -14"><span class='ocrx_word' id='word_1_195' title='bbox 75 2085 159 2124; x_wconf 92' lang='lat' dir='ltr'>qua</span> <span class='ocrx_word' id='word_1_196' title='bbox 183 2071 296 2112; x_wconf 87' lang='lat' dir='ltr'>venti</span> <span class='ocrx_word' id='word_1_197' title='bbox 320 2071 560 2121; x_wconf 84' lang='lat' dir='ltr'>incubuere,</span> <span class='ocrx_word' id='word_1_198' title='bbox 586 2071 732 2126; x_wconf 87' lang='lat' dir='ltr'>fugam</span> <span class='ocrx_word' id='word_1_199' title='bbox 759 2072 859 2113; x_wconf 87' lang='lat' dir='ltr'>dant</span> <span class='ocrx_word' id='word_1_200' title='bbox 882 2072 1026 2113; x_wconf 90' lang='lat' dir='ltr'>nubila</span> <span class='ocrx_word' id='word_1_201' title='bbox 1051 2073 1183 2115; x_wconf 87' lang='lat' dir='ltr'>caelo:</span> 
     </span>
    </p>

    <p class='ocr_par' dir='ltr' id='par_1_23' title="bbox 77 2133 1265 2252">
     <span class='ocr_line' id='line_1_32' title="bbox 77 2133 1265 2189; baseline 0.002 -15"><span class='ocrx_word' id='word_1_202' title='bbox 77 2134 135 2174; x_wconf 90' lang='lat' dir='ltr'>sic</span> <span class='ocrx_word' id='word_1_203' title='bbox 159 2133 317 2183; x_wconf 88' lang='lat' dir='ltr'>Turno,</span> <span class='ocrx_word' id='word_1_204' title='bbox 342 2148 607 2188; x_wconf 88' lang='lat' dir='ltr'>quacumque</span> <span class='ocrx_word' id='word_1_205' title='bbox 631 2134 743 2175; x_wconf 89' lang='lat' dir='ltr'>viam</span> <span class='ocrx_word' id='word_1_206' title='bbox 769 2141 892 2184; x_wconf 84' lang='lat' dir='ltr'>secat,</span> <span class='ocrx_word' id='word_1_207' title='bbox 920 2135 1087 2189; x_wconf 83' lang='lat' dir='ltr'>agmina</span> <span class='ocrx_word' id='word_1_208' title='bbox 1112 2135 1265 2176; x_wconf 89' lang='lat' dir='ltr'>cedunt</span> 
     </span>
     <span class='ocr_line' id='line_1_33' title="bbox 77 2195 1162 2252; baseline 0.001 -15"><span class='ocrx_word' id='word_1_209' title='bbox 77 2210 383 2250; x_wconf 88' lang='lat' dir='ltr'>conversaeque</span> <span class='ocrx_word' id='word_1_210' title='bbox 408 2202 535 2237; x_wconf 87' lang='lat' dir='ltr'>ruunt</span> <span class='ocrx_word' id='word_1_211' title='bbox 559 2195 668 2238; x_wconf 86' lang='lat' dir='ltr'>acies</span> <span class='ocrx_word' id='word_1_212' title='bbox 677 2212 688 2246; x_wconf 84' lang='lat'>3</span> <span class='ocrx_word' id='word_1_213' title='bbox 714 2195 795 2238; x_wconf 88' lang='lat' dir='ltr'>fert</span> <span class='ocrx_word' id='word_1_214' title='bbox 818 2196 998 2251; x_wconf 86' lang='lat' dir='ltr'>impetus</span> <span class='ocrx_word' id='word_1_215' title='bbox 1025 2197 1162 2252; x_wconf 91' lang='lat' dir='ltr'>ipsum</span> 
     </span>
    </p>

    <p class='ocr_par' dir='ltr' id='par_1_24' title="bbox 75 2258 1516 2375">
     <span class='ocr_line' id='line_1_34' title="bbox 76 2258 1516 2312; baseline 0.003 -13"><span class='ocrx_word' id='word_1_216' title='bbox 76 2265 118 2299; x_wconf 88' lang='lat' dir='ltr'>et</span> <span class='ocrx_word' id='word_1_217' title='bbox 142 2258 309 2299; x_wconf 87' lang='lat' dir='ltr'>cristam</span> <span class='ocrx_word' id='word_1_218' title='bbox 333 2258 508 2299; x_wconf 87' lang='lat' dir='ltr'>adverso</span> <span class='ocrx_word' id='word_1_219' title='bbox 534 2272 657 2299; x_wconf 88' lang='lat' dir='ltr'>curru</span> <span class='ocrx_word' id='word_1_220' title='bbox 681 2258 815 2312; x_wconf 89' lang='lat' dir='ltr'>quatit</span> <span class='ocrx_word' id='word_1_221' title='bbox 839 2274 941 2300; x_wconf 86' lang='lat' dir='ltr'>aura</span> <span class='ocrx_word' id='word_1_222' title='bbox 965 2259 1186 2301; x_wconf 87' lang='lat' dir='ltr'>volantem.</span> <span class='ocrx_word' id='word_1_223' title='bbox 1452 2272 1516 2303; x_wconf 84' lang='lat'>370</span> 
     </span>
     <span class='ocr_line' id='line_1_35' title="bbox 75 2320 1289 2375; baseline 0.003 -15"><span class='ocrx_word' id='word_1_224' title='bbox 75 2335 159 2361; x_wconf 92' lang='lat' dir='ltr'>non</span> <span class='ocrx_word' id='word_1_225' title='bbox 184 2320 278 2361; x_wconf 85' lang='lat' dir='ltr'>tulit</span> <span class='ocrx_word' id='word_1_226' title='bbox 301 2320 524 2361; x_wconf 88' lang='lat' dir='ltr'>instantem</span> <span class='ocrx_word' id='word_1_227' title='bbox 547 2320 744 2375; x_wconf 89' lang='lat' dir='ltr'>Phegeus</span> <span class='ocrx_word' id='word_1_228' title='bbox 770 2321 1000 2375; x_wconf 84' lang='lat' dir='ltr'>animisque</span> <span class='ocrx_word' id='word_1_229' title='bbox 1025 2321 1289 2365; x_wconf 87' lang='lat' dir='ltr'>frementem:</span> 
     </span>
    </p>

    <p class='ocr_par' dir='ltr' id='par_1_25' title="bbox 76 2382 1089 2437">
     <span class='ocr_line' id='line_1_36' title="bbox 76 2382 1089 2437; baseline 0.002 -14"><span class='ocrx_word' id='word_1_230' title='bbox 76 2382 227 2423; x_wconf 86' lang='lat' dir='ltr'>obiecit</span> <span class='ocrx_word' id='word_1_231' title='bbox 252 2397 341 2423; x_wconf 88' lang='lat' dir='ltr'>sese</span> <span class='ocrx_word' id='word_1_232' title='bbox 367 2382 420 2423; x_wconf 88' lang='lat' dir='ltr'>ad</span> <span class='ocrx_word' id='word_1_233' title='bbox 445 2397 611 2423; x_wconf 87' lang='lat' dir='ltr'>currum</span> <span class='ocrx_word' id='word_1_234' title='bbox 637 2389 676 2423; x_wconf 90' lang='lat' dir='ltr'>et</span> <span class='ocrx_word' id='word_1_235' title='bbox 701 2384 938 2437; x_wconf 86' lang='lat' dir='ltr'>spumantia</span> <span class='ocrx_word' id='word_1_236' title='bbox 962 2384 1089 2426; x_wconf 87' lang='lat' dir='ltr'>frenis</span> 
     </span>
    </p>

    <p class='ocr_par' dir='ltr' id='par_1_26' title="bbox 76 2445 998 2500">
     <span class='ocr_line' id='line_1_37' title="bbox 76 2445 998 2500; baseline 0.002 -14"><span class='ocrx_word' id='word_1_237' title='bbox 76 2460 149 2487; x_wconf 87' lang='lat' dir='ltr'>ora</span> <span class='ocrx_word' id='word_1_238' title='bbox 173 2445 393 2487; x_wconf 87' lang='lat' dir='ltr'>citatorum</span> <span class='ocrx_word' id='word_1_239' title='bbox 417 2446 563 2487; x_wconf 86' lang='lat' dir='ltr'>dextra</span> <span class='ocrx_word' id='word_1_240' title='bbox 587 2445 759 2487; x_wconf 87' lang='lat' dir='ltr'>detorsit</span> <span class='ocrx_word' id='word_1_241' title='bbox 784 2461 998 2500; x_wconf 88' lang='lat' dir='ltr'>equorum.</span> 
     </span>
    </p>

    <p class='ocr_par' dir='ltr' id='par_1_27' title="bbox 77 2507 1252 2563">
     <span class='ocr_line' id='line_1_38' title="bbox 77 2507 1252 2563; baseline 0.003 -15"><span class='ocrx_word' id='word_1_242' title='bbox 77 2507 177 2548; x_wconf 90' lang='lat' dir='ltr'>dum</span> <span class='ocrx_word' id='word_1_243' title='bbox 202 2507 378 2549; x_wconf 87' lang='lat' dir='ltr'>trahitur</span> <span class='ocrx_word' id='word_1_244' title='bbox 400 2508 637 2562; x_wconf 90' lang='lat' dir='ltr'>pendetque</span> <span class='ocrx_word' id='word_1_245' title='bbox 661 2508 783 2563; x_wconf 87' lang='lat' dir='ltr'>iugis,</span> <span class='ocrx_word' id='word_1_246' title='bbox 809 2508 920 2551; x_wconf 92' lang='lat' dir='ltr'>hunc</span> <span class='ocrx_word' id='word_1_247' title='bbox 943 2510 1028 2551; x_wconf 87' lang='lat' dir='ltr'>lata</span> <span class='ocrx_word' id='word_1_248' title='bbox 1052 2516 1252 2553; x_wconf 88' lang='lat' dir='ltr'>retectum</span> 
     </span>
    </p>

    <p class='ocr_par' dir='ltr' id='par_1_28' title="bbox 75 2569 1514 2691">
     <span class='ocr_line' id='line_1_39' title="bbox 75 2569 1514 2625; baseline 0.003 -15"><span class='ocrx_word' id='word_1_249' title='bbox 75 2569 221 2611; x_wconf 86' lang='lat' dir='ltr'>lancea</span> <span class='ocrx_word' id='word_1_250' title='bbox 245 2570 510 2623; x_wconf 88' lang='lat' dir='ltr'>consequitur</span> <span class='ocrx_word' id='word_1_251' title='bbox 534 2570 772 2625; x_wconf 86' lang='lat' dir='ltr'>rumpitque</span> <span class='ocrx_word' id='word_1_252' title='bbox 796 2571 923 2612; x_wconf 87' lang='lat' dir='ltr'>infixa</span> <span class='ocrx_word' id='word_1_253' title='bbox 946 2571 1113 2613; x_wconf 89' lang='lat' dir='ltr'>bilicem</span> <span class='ocrx_word' id='word_1_254' title='bbox 1451 2585 1514 2615; x_wconf 81' lang='lat'>375</span> 
     </span>
     <span class='ocr_line' id='line_1_40' title="bbox 77 2631 1144 2691; baseline 0.003 -18"><span class='ocrx_word' id='word_1_255' title='bbox 77 2631 247 2674; x_wconf 89' lang='lat' dir='ltr'>loricam</span> <span class='ocrx_word' id='word_1_256' title='bbox 273 2639 312 2674; x_wconf 90' lang='lat' dir='ltr'>et</span> <span class='ocrx_word' id='word_1_257' title='bbox 336 2647 546 2674; x_wconf 88' lang='lat' dir='ltr'>summum</span> <span class='ocrx_word' id='word_1_258' title='bbox 571 2633 765 2688; x_wconf 88' lang='lat' dir='ltr'>degustat</span> <span class='ocrx_word' id='word_1_259' title='bbox 788 2634 958 2676; x_wconf 89' lang='lat' dir='ltr'>vulnere</span> <span class='ocrx_word' id='word_1_260' title='bbox 983 2649 1144 2691; x_wconf 87' lang='lat' dir='ltr'>corpus.</span> 
     </span>
    </p>
   </div>
  </div>
 </body>
</html>
