1660 2847
499 181 750 219 AENEIDOS
774 180 868 216 LIB.
893 180 960 215 IX.

65 287 280 329 confossus
304 286 551 342 placidaque
574 286 632 327 ibi
658 286 825 328 demum
849 291 981 326 morte
1007 282 1175 337 quievit.

119 350 337 391 Fortunati
362 348 502 390 ambo!
530 348 666 402 siquid
689 363 782 389 mea
807 346 988 388 carmina
1012 352 1197 400 possunt,

64 412 179 453 nulla
203 412 289 453 dies
314 425 512 465 umquam
536 411 709 452 memori
733 424 807 451 vos
832 408 984 450 eximet
1010 422 1125 457 aevo,

65 475 164 514 dum
189 474 335 515 domus
361 474 534 514 Aeneae
560 471 741 527 Capitoli
765 471 961 512 inmobile
987 485 1134 511 saxum

63 536 221 577 accolet
242 535 545 590 imperiumque
570 542 687 589 pater
711 534 926 575 Romanus
951 532 1133 574 habebit.

118 598 308 640 Victores
332 597 487 652 praeda
511 597 657 638 Rutuli
682 596 904 651 spoliisque
929 594 1049 650 potiti

62 660 306 702 Volcentem
334 659 571 701 exanimum
596 659 740 700 flentes
765 658 807 699 in
833 664 968 699 castra
991 656 1192 698 ferebant.

61 736 138 763 nec
162 722 295 762 minor
318 721 361 762 in
386 721 530 762 castris
554 721 691 762 luctus
716 720 950 761 Rhamnete
975 726 1137 773 reperto

62 783 243 838 exangui
268 790 308 825 et
332 783 476 838 primis
501 798 585 824 una
609 789 670 823 tot
694 782 822 824 caede
847 781 1085 836 peremptis,

63 845 327 899 Serranoque
351 845 587 899 Numaque.
636 845 784 899 ingens
809 858 1034 885 concursus
1061 843 1114 883 ad
1137 842 1228 897 ipsa

62 922 234 962 corpora
259 908 557 961 seminecisque
581 907 690 948 viros
715 906 938 962 tepidaque
963 912 1172 947 recentem

61 970 187 1011 caede
211 970 350 1011 locum
375 977 416 1011 et
438 971 582 1025 plenos
609 969 818 1025 spumanti
844 968 1046 1024 sanguine
1072 968 1195 1008 rivos.

61 1031 323 1086 adgnoscunt
346 1033 477 1087 spolia
500 1033 608 1073 inter
632 1047 675 1073 se
700 1032 948 1087 galeamque
972 1030 1171 1071 nitentem

60 1093 248 1149 Messapi
273 1101 313 1136 et
336 1094 466 1135 multo
492 1095 682 1149 phaleras
709 1094 859 1134 sudore
884 1099 1084 1147 receptas.

116 1155 174 1196 Et
196 1157 280 1197 iarn
303 1156 437 1211 prima
460 1171 568 1197 novo
595 1156 819 1211 spargebat
842 1154 998 1197 lumine
1024 1162 1153 1196 terras

59 1217 232 1259 Tithoni
256 1233 447 1260 croceum
471 1219 664 1273 linquens
689 1219 858 1259 Aurora
883 1217 1036 1266 cubile3

59 1279 142 1320 iam
167 1281 253 1322 sole
276 1280 428 1329 infuso,
453 1281 537 1321 iam
560 1280 686 1321 rebus
711 1281 804 1321 luce
828 1280 1005 1328 retectis,

60 1341 228 1383 Turnus
252 1343 294 1384 in
319 1358 434 1384 arma
458 1343 581 1392 viros,
608 1342 731 1383 armis
758 1342 1037 1383 circumdatus
1062 1340 1164 1395 ipse,

61 1405 243 1454 suscitat,
270 1412 512 1458 aeratasque
539 1405 647 1446 acies
672 1405 715 1445 in
739 1404 896 1459 proelia
920 1404 1030 1458 cogit

60 1466 236 1521 quisque
261 1482 357 1508 suas
382 1467 590 1521 variisque
616 1474 771 1508 acuunt
794 1466 1031 1508 rumoribus
1056 1465 1150 1506 iras.

59 1529 159 1582 quin
183 1529 273 1584 ipsa
298 1530 467 1572 arrectis
493 1530 602 1581 (visu
625 1529 876 1582 miserabile)
902 1528 944 1569 in
969 1527 1097 1568 hastis

58 1592 294 1646 praefigunt
318 1592 453 1646 capita
478 1598 519 1633 et
542 1592 672 1633 multo
698 1591 877 1633 clamore
903 1596 1133 1644 sequuntur

58 1653 234 1708 Euryali
258 1661 299 1695 et
322 1654 423 1695 Nisi.

59 1715 286 1757 Aeneadae
311 1716 402 1756 duri
426 1730 640 1756 murorum
665 1715 707 1755 in
732 1721 848 1770 parte
874 1714 1038 1755 sinistra

59 1792 290 1833 opposuere
314 1777 445 1819 aciem
470 1778 583 1829 (nam
608 1778 779 1818 dextera
803 1777 983 1832 cingitur
1007 1776 1135 1828 amni)

58 1840 322 1895 ingentisque
346 1846 489 1881 tenent
512 1840 645 1881 fossas
671 1846 712 1881 et
735 1839 919 1880 turribus
945 1838 1038 1880 altis

60 1909 170 1944 stant
192 1901 357 1950 maesti3
384 1902 505 1942 simul
530 1916 602 1943 ora
625 1901 760 1942 virum
786 1901 971 1956 praefixa
994 1899 1230 1949 movebant,

58 1971 157 2006 nota
180 1964 301 2005 nimis
326 1964 484 2005 miseris
510 1971 681 2017 atroque
705 1963 877 2004 fluentia
900 1963 1010 2004 tabo.

114 2026 280 2068 Interea
303 2025 498 2080 pavidam
522 2026 699 2066 volitans
724 2025 895 2080 pinnata
918 2040 993 2079 per
1017 2024 1164 2066 urbem

0 2116 1 2142 3
58 2088 205 2130 nuntia
228 2088 360 2129 Fama
384 2087 467 2128 ruit
490 2088 715 2141 matrisque
740 2087 949 2128 adlabitur
973 2086 1083 2128 auris

59 2150 245 2205 Euryali.
294 2157 336 2191 at
359 2150 521 2191 subitus
546 2149 722 2191 miserae
747 2149 858 2191 calor
882 2164 976 2190 ossa
1000 2148 1184 2203 reliquit3

60 2212 224 2254 excussi
246 2212 439 2253 manibus
464 2211 568 2253 radii
593 2212 861 2265 revolutaque
885 2227 1026 2267 pensa.

61 2274 198 2316 evolat
221 2273 364 2315 infelix
389 2281 429 2315 et
453 2274 632 2315 femineo
657 2274 830 2323 ululatu,

60 2336 188 2378 scissa
214 2350 388 2385 comam,
412 2350 552 2377 muros
577 2351 719 2376 amens
745 2342 870 2389 atque
896 2335 1064 2391 agmina
1089 2349 1214 2376 cursu

59 2398 193 2453 prima
216 2398 330 2452 petit,
355 2412 437 2439 non
460 2398 531 2439 illa
556 2397 702 2446 virum,
728 2412 812 2438 non
836 2398 906 2438 illa
930 2397 1072 2453 pericli

60 2460 319 2512 telorumque
343 2473 519 2509 memor3
546 2459 707 2500 caelum
732 2458 881 2500 dehinc
906 2458 1121 2512 questibus
1145 2457 1306 2513 implet:

62 2521 192 2562 ‘hunc
217 2535 295 2575 ego
320 2527 373 2570 te,
398 2521 596 2576 Euryale,
623 2521 802 2575 aspicio?
827 2528 926 2562 tune
950 2521 1019 2561 ille
1044 2527 1235 2562 senectae

61 2597 153 2623 sera
176 2597 293 2624 meae
318 2582 492 2636 requies,
518 2582 687 2638 potuisti
710 2582 896 2636 linquere
921 2583 1065 2632 solam,

62 2644 264 2687 crudelis?
287 2659 365 2687 nec
389 2652 429 2687 te
454 2645 532 2687 sub
558 2652 671 2686 tanta
695 2644 879 2700 pericula
903 2644 1076 2686 missum

1323 168 1406 212 265

1432 417 1496 446 445

1433 726 1498 756 450

1432 1040 1497 1070 455

1431 1350 1498 1381 460

1430 1661 1494 1692 465

1431 1972 1496 2003 470

1429 2286 1494 2317 475

1430 2595 1496 2626 480
