1628 2847
227 107 310 151 310
645 118 688 154 Ρ.
707 118 918 155 VERGILI
941 119 1167 158 MARoNIS

223 222 386 265 devovi.
435 223 570 264 solum
596 223 764 265 Aeneas
789 230 921 265 vocat.
969 230 1011 266 et
1034 231 1155 267 vocet
1177 240 1263 276 oro,

219 299 296 327 nec
320 285 510 327 Drances
536 285 688 340 potius,
715 286 801 327 sive
828 293 888 327 est
914 286 1017 328 haec
1041 287 1102 328 ira
1127 287 1314 341 deorum,

220 355 351 388 morte
375 348 476 396 luat,
501 347 589 388 sive
615 354 677 389 est
702 348 831 389 virtus
859 355 898 389 et
923 349 1071 404 gloria,
1095 351 1238 392 tollat.’

130 420 194 451 445
276 409 343 450 Illi
368 410 469 450 hacc
493 409 600 450 inter
624 424 666 451 se
692 410 829 451 dubiis
855 410 905 451 de
930 411 1054 452 rebus
1080 412 1264 466 agebant

220 478 444 512 certantes:
472 478 606 512 castra
631 473 800 514 Aeneas
826 473 1041 527 aciemque
1065 475 1274 517 movebat.

219 534 389 575 nuntius
414 533 573 589 ingenti
599 549 672 589 per
697 535 813 589 regia
837 541 946 577 tecta
970 537 1151 577 tumultu

220 610 315 638 ecce
339 596 422 637 ruit
446 596 692 650 magnisque
717 597 862 638 urbem
889 598 1114 639 terroribus
1139 599 1296 654 implet,

218 659 441 699 instructos
468 659 555 700 acie
580 659 779 700 Tiberino
806 676 830 701 a
854 660 1024 701 flumine
1050 661 1236 703 Teucros

128 732 194 764 450
219 720 564 775 Tyrrhenamque
588 737 759 763 manum
784 723 879 763 totis
905 723 1158 764 descendere
1185 724 1358 780 campis.

219 784 426 838 extemplo
452 783 607 825 turbati
632 784 759 825 animi
785 799 1073 839 concussaque
1098 786 1213 840 volgi

218 853 388 901 pectora
413 852 454 887 et
479 853 662 888 arrectae
688 847 864 888 stimulis
891 847 1004 888 haud
1030 848 1223 890 mollibus
1248 849 1346 891 irae.

218 924 332 949 arma
356 923 483 949 manu
509 908 658 963 trepidi
683 917 874 964 poscunt,
900 910 1040 951 fremit
1065 926 1180 952 arma
1204 911 1412 961 iuventus,

217 971 317 1012 flent
340 971 486 1012 maesti
511 978 782 1025 mussantque
806 979 958 1027 patres.
1008 973 1075 1013 hic
1100 973 1285 1028 undique
1311 975 1466 1016 clamor

127 1045 190 1076 455
217 1033 407 1075 dissensu
432 1033 546 1073 vario
573 1049 752 1089 magnus
777 1049 821 1076 se
846 1035 952 1075 tollit
978 1035 1030 1076 ad
1059 1050 1194 1085 auras,

216 1096 329 1137 haud
355 1110 473 1137 secus
500 1103 626 1149 atque
652 1097 735 1137 alto
760 1097 803 1138 in
828 1097 922 1138 luco
947 1112 1041 1138 cum
1067 1098 1173 1140 forte
1199 1106 1390 1141 catervae

217 1158 441 1200 consedere
466 1158 607 1199 avium
632 1159 849 1214 piscosove
875 1175 996 1202 amne
1021 1160 1217 1202 Padusae

217 1221 317 1262 dant
341 1221 521 1262 sonitum
546 1222 661 1263 rauci
685 1237 760 1277 per
785 1230 933 1278 stagna
957 1223 1148 1277 loquacia
1174 1224 1305 1278 cycni.

218 1284 385 1325 ‘immo’
412 1284 467 1324 ait
494 1287 538 1324 ‘o
564 1283 694 1326 cives’
720 1292 884 1339 arrepto
910 1292 1098 1340 tempore
1122 1286 1305 1336 Turnus,

125 1359 193 1389 460
218 1346 372 1402 ‘cogite
397 1346 618 1388 concilium
644 1353 683 1388 et
709 1362 855 1402 pacem
880 1348 1046 1389 laudate
1072 1348 1281 1397 sedentes3

214 1410 273 1450 illi
298 1409 422 1450 armis
452 1409 493 1449 in
520 1424 650 1463 regna
675 1410 828 1450 ruunt?
877 1425 954 1452 nec
978 1411 1100 1465 plura
1124 1411 1287 1452 locutus

216 1472 414 1527 corripuit
437 1486 528 1513 sese
554 1479 593 1513 et
618 1473 736 1513 tectis
763 1473 868 1514 citus
895 1473 1042 1514 extulit
1067 1473 1172 1514 altis.

215 1539 293 1584 ‘tu‚
319 1534 492 1583 Voluse,
519 1535 669 1575 armari
693 1535 943 1578 Volscorum
969 1536 1084 1577 edice
1109 1536 1317 1592 maniplis,

216 1597 315 1639 duc’
342 1597 398 1638 ait
425 1602 485 1638 ‘et
510 1597 704 1638 Rutulos.
755 1599 950 1652 equitem,
976 1598 1215 1653 Messapus,
1240 1599 1282 1641 in
1307 1599 1444 1649 armis,

125 1672 189 1703 465
216 1667 257 1702 et
281 1674 377 1701 cum
401 1660 527 1701 fratre
555 1659 701 1709 Coras,
728 1660 820 1701 latis
847 1660 1067 1702 diffundite
1094 1662 1263 1716 campis.

215 1738 310 1778 pars
337 1722 472 1763 aditus
497 1722 612 1763 urbis
637 1723 773 1764 firmet
798 1723 1004 1776 turrisque
1031 1731 1240 1778 capessat3

216 1792 365 1833 cetera,
392 1799 475 1838 qua
499 1784 625 1834 iusso,
651 1800 815 1826 mecum
839 1801 987 1826 manus
1013 1786 1164 1827 inferat
1188 1786 1329 1827 arma.'

215 1848 325 1889 ilicet
348 1847 391 1887 in
416 1862 555 1888 muros
581 1854 668 1888 tota
693 1848 936 1889 discurritur
959 1848 1075 1889 urbe.

217 1910 438 1952 concilium
462 1910 550 1965 ipse
575 1918 693 1965 pater
718 1917 759 1951 et
783 1925 937 1965 magna
962 1911 1126 1965 incepta
1151 1910 1328 1952 Latinus

125 1986 190 2016 470
216 1972 368 2014 deserit
391 1986 440 2013 ac
464 1972 569 2013 tristi
594 1972 784 2014 turbatus
810 1979 994 2028 tempore
1020 1973 1159 2013 differt

214 2035 430 2088 multaque
456 2049 499 2076 se
523 2035 700 2084 incusat,
726 2035 797 2088 qui
822 2050 905 2076 non
931 2036 1135 2090 acceperit
1160 2035 1268 2076 ultro

213 2098 478 2139 Dardanium
502 2098 678 2139 Aenean
703 2112 989 2153 generumque
1014 2098 1235 2139 adsciverit
1260 2098 1366 2139 urbi.

214 2160 483 2216 praefodiunt
507 2160 576 2201 alii
601 2167 739 2215 portas
764 2166 836 2200 aut
862 2175 962 2200 saxa
988 2159 1196 2213 sudesque

216 2223 474 2264 subvectant.
523 2223 632 2263 bello
659 2222 729 2263 dat
753 2223 919 2276 signum
944 2237 1071 2263 rauca
1096 2228 1312 2264 cruentum

125 2297 190 2327 475
215 2286 381 2326 bucina.
431 2292 518 2326 tum
543 2299 683 2326 muros
710 2285 823 2325 varia
849 2285 1015 2326 cinxere
1041 2299 1194 2325 corona

215 2356 429 2389 matronae
454 2347 675 2402 puerique3
703 2354 824 2388 vocat
848 2347 965 2388 labor
989 2347 1158 2387 ultimus
1184 2346 1329 2387 omnis.

214 2425 292 2451 nec
317 2425 399 2450 non
426 2410 478 2451 ad
503 2409 704 2464 templum
730 2424 996 2463 summasque
1021 2409 1073 2449 ad
1097 2408 1283 2450 Palladis
1309 2423 1423 2450 arces

215 2471 460 2514 subvehitur
484 2487 638 2526 magna
662 2478 840 2512 matrum
866 2471 1010 2526 regina
1035 2478 1214 2520 caterva,

216 2535 326 2575 dona
350 2534 500 2583 ferens,
526 2535 726 2588 iuxtaque
752 2549 888 2575 comes
914 2532 1094 2574 Lavinia
1119 2533 1250 2588 virgo,

126 2609 190 2641 480
216 2612 341 2639 causa
365 2597 461 2639 mali
489 2597 604 2647 tanti,
631 2596 771 2639 oculos
799 2596 959 2639 deiecta
984 2595 1167 2638 decoros.
