1660 2847
576 151 828 189 AENEIDOS
853 151 949 186 LIB.
975 150 1041 188 IV.

134 264 176 299 at
201 257 308 300 bello
332 257 501 299 audacis
526 256 669 311 populi
694 262 869 298 vexatus
894 261 936 297 et
960 255 1098 304 armis,

133 320 285 361 finibus
312 319 498 369 extorris,
524 319 745 373 complexu
771 318 937 360 avolsus
962 317 1058 366 Iuli,

134 382 335 423 auxilium
359 382 550 437 imploret
574 381 795 435 videatque
819 380 992 435 indigna
1017 393 1187 420 suorum

132 444 292 493 funera,
317 459 406 493 nec,
432 459 527 485 cum
552 458 595 484 se
621 443 698 483 sub
723 444 837 498 leges
862 442 977 497 pacis
1002 441 1171 495 iniquae

133 505 358 555 tradiderit,
384 520 514 561 regno
540 512 610 546 aut
635 512 778 560 optata
801 506 894 546 luce
918 504 1094 553 fruatur,

132 568 206 609 sed
230 567 350 609 cadat
373 576 467 609 ante
493 567 603 609 diem
627 567 847 621 mediaque
870 566 1110 607 inhumatus
1136 565 1304 607 harena.

132 628 235 670 haec
258 644 417 684 precor,
442 630 550 671 hanc
575 644 719 671 vocem
745 636 973 670 extremam
998 643 1094 670 cum
1113 627 1316 682 sanguine
1336 626 1480 669 fundo.

131 697 220 731 tum
244 705 331 741 vos,
357 706 380 733 ο
406 692 536 746 Tyrii,
563 692 732 746 stirpem
757 698 798 732 et
821 706 954 746 genus
980 705 1102 731 omne
1127 690 1316 731 futurum

131 761 318 795 exercete
344 753 448 794 odiis
474 753 684 807 cinerique
710 753 813 794 haec
837 753 986 794 mittite
1010 759 1152 794 nostro

130 829 315 856 munera.
364 815 502 856 nullus
528 830 644 856 amor
668 815 834 870 populis
859 829 937 856 nec
961 814 1132 856 foedera
1157 820 1293 856 sunto.

130 877 316 918 exoriare
342 878 490 931 aliquis
516 878 666 918 nostris
694 892 745 918 ex
770 877 933 918 ossibus
958 877 1080 926 ultor,

129 938 201 992 qui
224 939 314 980 face
340 939 578 981 Dardanios
602 940 794 993 ferroque
820 954 995 993 sequare
1020 939 1203 987 colonos,

129 1015 252 1048 nunc,
277 1002 387 1050 olim,
413 1015 678 1055 quocumque
703 1001 864 1042 dabunt
888 1016 932 1043 se
957 1008 1143 1056 tempore
1167 1000 1289 1042 vires.

128 1062 249 1104 litora
273 1063 461 1105 litoribus
488 1064 705 1113 contraria,
730 1064 925 1105 fluctibus
950 1064 1084 1105 undas

128 1124 331 1180 inprecor,
358 1141 472 1167 arma
497 1126 621 1167 armis
631 1142 640 1175 3
668 1133 857 1181 pugnent
880 1126 1042 1180 ipsique
1068 1124 1351 1180 nepotesque?

184 1188 304 1229 Haec
329 1188 398 1237 ait,
425 1195 466 1230 et
489 1188 618 1243 partis
644 1188 829 1229 animum
855 1188 1047 1229 versabat
1073 1188 1116 1228 in
1141 1188 1288 1237 omnis,

127 1249 303 1291 invisam
328 1264 533 1304 quaerens
560 1265 685 1304 quam
711 1250 892 1305 primum
918 1251 1165 1305 abrumpere
1192 1251 1341 1292 lucem.

127 1319 217 1352 tum
241 1313 420 1354 breviter
443 1313 607 1354 Barcen
633 1312 837 1354 nutricem
862 1312 1004 1353 adfata
1031 1312 1225 1367 Sychaei,

126 1388 307 1428 namque
331 1390 450 1416 suam
475 1375 608 1429 patria
632 1376 803 1428 antiqua
828 1375 930 1416 cinis
957 1382 1044 1417 ater
1068 1375 1268 1416 habebat:

129 1437 316 1477 ‘Annam
342 1451 438 1478 cara
463 1437 564 1477 mihi
589 1437 728 1478 nutrix
755 1436 837 1478 huc
863 1437 960 1478 siste
985 1451 1167 1478 sororem
1177 1453 1187 1486 3

128 1498 193 1540 dic
220 1513 368 1553 corpus
394 1506 588 1553 properet
610 1499 767 1540 fluviali
792 1514 988 1553 spargere
1012 1498 1184 1553 lympha

128 1567 168 1601 ct
191 1561 372 1615 pecudes
398 1576 539 1602 secum
564 1569 603 1602 et
627 1568 855 1602 monstrata
879 1562 1045 1616 piacula
1070 1562 1213 1611 ducat3

127 1622 186 1663 sic
210 1623 349 1664 veniat
373 1630 501 1677 tuque
526 1623 617 1678 ipsa
641 1624 710 1677 pia
734 1630 829 1678 tege
855 1630 1042 1678 tempora
1066 1623 1181 1664 vitta.

127 1699 244 1725 sacra
267 1685 358 1726 Iovi
385 1684 547 1740 Stygio,
574 1700 680 1739 quae
705 1686 780 1727 rite
805 1686 971 1740 incepta
995 1686 1152 1741 paravi,

127 1747 323 1801 perficere
349 1754 410 1788 est
434 1748 596 1789 animus
621 1748 829 1801 finemque
853 1748 1053 1802 inponere
1079 1747 1186 1788 curis

127 1808 414 1867 Dardaniique
438 1824 587 1865 rogum
613 1810 759 1864 capitis
784 1811 1021 1865 permittere
1046 1810 1265 1852 flammae?

128 1871 187 1912 sic
210 1871 278 1913 ait.
326 1872 397 1913 illa
420 1873 597 1927 gradum
623 1873 758 1913 studio
784 1873 992 1914 celerabat
1017 1873 1179 1913 anilem.

129 1940 170 1974 at
193 1934 352 1988 trepida
377 1942 417 1975 et
442 1935 598 1990 coeptis
622 1934 874 1976 immanibus
900 1935 1030 1976 effera
1056 1934 1181 1983 Dido,

129 1996 400 2050 sanguineam
424 1997 594 2038 volvens
620 1997 751 2038 aciem
777 1997 1034 2050 maculisque
1059 1996 1272 2038 trementis

127 2057 327 2099 interfusa
350 2074 479 2113 genas
504 2066 545 2100 et
568 2059 722 2113 pallida
745 2066 878 2100 morte
902 2059 1055 2107 futura,

127 2120 322 2161 interiora
347 2121 495 2162 domus
520 2121 721 2176 inrumpit
744 2121 888 2161 limina
913 2128 954 2162 et
978 2121 1082 2162 altos

128 2182 367 2224 conscendit
390 2182 616 2223 furibunda
640 2197 762 2237 rogos
790 2196 1013 2236 ensemque
1037 2182 1215 2223 recludit

126 2243 403 2293 Dardanium,
427 2259 511 2285 non
535 2244 609 2285 hos
635 2244 869 2297 quaesitum
894 2259 1046 2284 munus
1071 2245 1113 2284 in
1138 2260 1251 2287 usus.

127 2307 207 2355 hic,
232 2313 452 2361 postquam
476 2306 624 2347 Iliacas
651 2313 786 2347 vestes
811 2313 1040 2359 notumque
1066 2306 1203 2348 cubile

128 2368 356 2423 conspexit,
381 2369 551 2423 paulum
575 2368 756 2410 lacrimis
781 2375 822 2410 et
846 2375 984 2410 mente
1009 2376 1169 2410 morata

126 2431 398 2483 incubuitque
422 2438 512 2472 toro
537 2431 724 2484 dixitque
747 2431 972 2471 novissima
996 2431 1142 2472 verba:

127 2493 289 2534 ‘dulces
313 2493 500 2541 exuviae,
527 2493 626 2533 dum
651 2493 738 2534 fata
762 2492 948 2547 deusque
974 2493 1149 2542 sinebat,

128 2555 301 2609 accipite
325 2553 432 2595 hanc
457 2555 637 2596 animam
662 2569 812 2608 meque
836 2554 900 2596 his
926 2555 1104 2596 exolvite
1131 2555 1252 2597 curis.

128 2617 213 2658 vixi
240 2624 281 2658 et
305 2631 429 2671 quem
454 2616 625 2659 dederat
650 2631 816 2659 cursum
840 2618 1028 2659 Fortuna
1052 2617 1209 2674 peregi,

1507 263 1570 294 615

1507 574 1571 605 620

1504 1197 1568 1228 630

1502 1511 1566 1542 635

1502 1823 1566 1854 640

1500 2133 1562 2164 645

1499 2444 1564 2474 650
