1622 2847
528 118 781 156 AENEIDOS
804 119 901 154 LIB.
926 119 996 154 ΠΙ.

94 223 282 266 membra
306 224 451 278 quatit,
477 223 723 279 gelidusque
748 223 831 265 coit
854 222 1076 265 formidine
1101 223 1283 279 sanguis.

93 302 236 328 rursus
261 293 303 329 et
326 285 494 327 alterius
517 286 674 327 lentum
700 285 931 327 convellere
955 285 1095 327 vimen

93 349 288 404 insequor
311 354 353 390 et
376 362 522 389 causas
547 348 712 403 penitus
738 355 940 402 temptare
964 347 1150 389 latentis:

95 417 182 452 ater
206 418 247 452 et
270 410 437 452 alterius
462 410 649 464 sequitur
674 410 725 451 de
751 410 903 451 cortice
929 410 1113 464 sanguis.

93 475 224 515 multa
246 487 418 514 movens
443 472 581 513 animo
604 472 811 527 nymphas
835 472 1066 513 venerabar
1091 472 1265 527 agrestis

95 534 411 587 Gradivumque
436 541 609 589 patrem,
636 533 795 575 Geticis
821 534 893 587 qui
916 534 1123 588 praesidet
1149 535 1272 584 arvis,

93 598 169 640 rite
195 597 467 639 secundarent
491 597 604 637 visus
631 610 836 649 omenque
859 596 1058 637 levarent.

93 659 214 702 tertia
237 659 310 700 sed
335 667 556 714 postquam
579 658 734 700 maiore
759 658 924 699 hastilia
948 659 1042 699 nisu

93 721 311 777 adgredior
335 722 597 776 genibusque
623 720 822 762 adversae
848 721 1037 761 obluctor
1061 721 1242 763 harenae

93 783 293 837 (eloquar,
320 799 373 824 an
398 783 597 836 sileam?),
623 783 802 838 gemitus
827 782 1093 824 lacrimabilis
1118 783 1201 824 imo

92 845 259 886 auditur
283 845 442 886 tumulo
468 852 509 887 et
532 860 614 886 vox
638 845 801 886 reddita
825 845 957 886 fertur
981 845 1034 886 ad
1059 845 1188 886 auris:

92 907 213 961 ‘quid
236 907 446 956 miserum,
471 908 632 956 Aenea,
656 908 839 948 laceras?
874 907 956 948 iam
982 922 1105 962 parce
1131 908 1307 961 sepulto,

90 984 216 1024 parce
238 970 329 1024 pias
354 970 555 1011 scelerare
578 984 741 1010 manus.
790 983 874 1010 non
899 984 966 1010 me
990 969 1066 1010 tibi
1090 969 1218 1010 Troia

92 1038 309 1073 externum
334 1032 439 1080 tulit,
465 1038 538 1072 aut
562 1046 684 1073 cruor
707 1031 775 1072 hic
800 1030 851 1071 de
877 1031 1015 1085 stipite
1040 1039 1194 1073 manat.

91 1093 173 1136 heu
197 1095 296 1150 fuge
322 1094 500 1136 crudelis
526 1101 670 1143 terras,
694 1094 795 1149 fuge
819 1094 916 1134 litus
943 1109 1128 1135 avarum.

90 1171 188 1197 nam
210 1156 446 1211 Polydorus
473 1170 569 1211 ego:
595 1156 662 1197 hic
687 1156 898 1197 confixum
921 1155 1058 1197 ferrea
1082 1156 1186 1197 texit

91 1218 264 1260 telorum
291 1234 410 1274 seges
437 1226 477 1260 et
500 1218 646 1260 iaculis
672 1218 848 1259 increvit
871 1218 1031 1259 acutis?

91 1288 179 1322 tum
204 1296 301 1322 vero
326 1280 494 1336 ancipiti
518 1288 702 1322 mentem
727 1280 948 1322 formidine
973 1296 1140 1336 pressus

91 1344 272 1399 obstipui
297 1350 581 1397 steteruntque
607 1358 749 1385 comae
775 1350 816 1384 et
840 1358 922 1384 vox
946 1343 1139 1384 faucibus
1165 1342 1310 1384 haesit.

1361 111 1439 153 131

147 1407 275 1447 Hunc
299 1406 554 1460 Polydorum
581 1406 670 1447 auri
695 1405 905 1459 quondam
933 1420 1025 1446 cum
1052 1405 1237 1460 pondere
1262 1421 1416 1462 magno

90 1468 236 1509 infelix
261 1468 455 1509 Priamus
482 1469 625 1509 furtim
649 1467 867 1508 mandarat
891 1468 1087 1509 alendum

91 1530 286 1571 Threicio
311 1531 413 1585 regi,
439 1546 534 1571 cum
558 1530 640 1571 iam
666 1530 874 1571 diffideret
897 1530 1020 1571 armis

89 1592 330 1634 Dardaniae
357 1593 548 1648 cingique
573 1592 721 1633 urbem
746 1592 963 1634 obsidione
988 1592 1158 1633 videret.

89 1655 171 1705 ille,
197 1662 244 1696 ut
267 1670 366 1710 opes
391 1656 547 1697 fractae
572 1655 783 1696 Teucrum
809 1661 850 1696 et
872 1655 1058 1696 Fortuna
1082 1655 1266 1705 recessit,

89 1733 155 1759 res
180 1718 537 1772 Agamemnonias
564 1717 832 1771 victriciaque
858 1732 974 1758 arma
998 1725 1165 1759 secutus

90 1781 152 1822 fas
179 1795 300 1821 omne
326 1780 553 1835 abrumpit3
580 1780 840 1834 Polydorum
865 1780 1087 1821 obtruncat
1111 1788 1153 1821 et
1177 1795 1277 1822 auro

91 1843 132 1884 vi
155 1843 322 1898 potitur.
371 1842 472 1897 quid
496 1857 580 1883 non
604 1843 793 1883 mortalia
818 1849 987 1897 pectora
1011 1842 1139 1896 cogis,

90 1906 179 1946 auri
204 1920 322 1947 sacra
344 1905 494 1946 fames!
526 1912 746 1960 postquam
771 1919 903 1959 pavor
927 1919 1022 1946 ossa
1045 1905 1225 1958 reliquit,

92 1967 269 2008 delectos
295 1967 437 2022 populi
463 1968 516 2008 ad
540 1982 730 2022 proceres
755 1967 1020 2022 primumque
1044 1975 1261 2022 parentem

91 2039 274 2070 monstra
300 2031 423 2070 deum
449 2029 582 2070 refero
609 2037 661 2079 et,
687 2043 796 2083 quae
821 2029 874 2070 sit
898 2030 1116 2078 sententia,
1141 2043 1281 2084 posco.

91 2093 282 2133 omnibus
306 2093 416 2133 idem
442 2093 618 2141 animus,
644 2092 846 2133 scelerata
872 2092 1073 2133 excedere
1098 2100 1220 2141 terra,

89 2156 219 2208 linqui
244 2155 447 2209 pollutum
472 2154 698 2209 hospitium
721 2161 762 2195 et
786 2154 884 2195 dare
909 2154 1110 2196 classibus
1136 2161 1310 2196 austros.

92 2232 190 2272 ergo
215 2217 493 2258 instauramus
518 2216 728 2271 Polydoro
753 2216 893 2266 funus,
920 2223 961 2257 et
983 2216 1131 2272 ingens

91 2279 304 2335 aggeritur
327 2279 486 2321 tumulo
512 2279 633 2320 tellus
642 2295 652 2328 ;
678 2285 788 2320 stant
812 2279 1005 2320 manibus
1030 2293 1139 2329 arae,

92 2342 290 2383 caeruleis
313 2349 494 2383 maestae
518 2341 630 2382 vittis
655 2348 826 2395 atraque
851 2355 1061 2396 cupresso,

93 2411 134 2445 et
158 2404 312 2445 circum
336 2404 489 2445 Iliades
514 2404 670 2445 crinem
695 2403 746 2445 de
771 2418 884 2445 more
910 2404 1086 2454 solutae3

91 2466 306 2507 inferimus
331 2467 470 2521 tepido
496 2467 731 2521 spumantia
755 2466 920 2521 cymbia
942 2466 1049 2508 lacte

92 2529 306 2583 sanguinis
331 2537 372 2570 et
394 2529 499 2570 sacri
523 2537 700 2584 pateraS,
727 2530 990 2583 animamque
1016 2529 1234 2584 sepulchro

92 2591 308 2633 condimus
333 2598 374 2633 et
399 2607 550 2647 magna
575 2606 814 2647 supremum
839 2606 940 2634 voce
966 2592 1135 2635 ciemus.

1159 2658 1211 2692 954

1469 235 1511 267 30

1468 544 1510 575 35

1469 856 1511 886 40

1468 1168 1509 1197 45

1468 1480 1510 1511 50

1467 1792 1508 1823 55

1466 2104 1509 2135 60

1465 2415 1505 2446 65
