1622 2847
594 143 797 180 ECLOGA
819 144 857 180 X

65 253 191 301 atque
214 246 374 289 utinam
398 260 450 288 ex
474 247 592 289 vobis
616 263 724 289 unus
749 248 958 302 vestrique
982 248 1154 290 fuissem

66 316 139 350 aut
164 316 302 351 custos
328 310 466 365 gregis
493 318 564 351 aut
587 319 775 352 maturae
799 310 951 352 vinitor
974 326 1095 352 uvae.

66 378 176 413 certe
201 371 287 413 sive
312 371 412 412 mihi
436 371 598 426 Phyllis
624 372 710 414 sive
736 381 845 414 esset
868 373 1077 427 Amyntas

66 448 141 475 seu
164 433 416 488 quicumque
440 434 555 475 furor
579 435 696 488 (quid
721 442 822 484 tum,
849 435 884 476 si
908 436 1050 477 fuscus
1075 436 1311 490 Amyntas?

67 503 107 538 et
130 496 274 550 nigrae
298 496 431 538 violae
456 503 550 537 sunt
575 504 615 538 et
639 497 825 538 vaccinia
849 497 997 552 nigra),

66 572 230 599 mecum
252 557 360 600 inter
383 558 529 600 salices
554 559 665 600 lenta
691 559 768 600 sub
793 559 874 600 vite
900 560 1070 609 iaceret;

67 626 176 661 serta
198 619 299 660 mihi
320 619 482 675 Phyllis
506 621 677 676 legeret,
703 628 888 662 cantaret
912 622 1132 676 Amyntas.

66 680 134 722 hic
157 681 283 736 gelidi
306 681 455 731 fontes,
481 682 546 724 hic
571 683 711 724 mollia
735 692 866 737 prata,
891 683 1061 737 Lycori‚

66 743 133 784 hic
156 758 302 785 nemus
312 760 322 793 3
348 744 414 785 hic
438 744 528 799 ipso
554 752 691 786 tecum
717 759 981 786 consumerer
1006 760 1120 786 aevo.

66 819 178 846 nunc
202 806 370 848 insanus
398 821 513 847 amor
537 807 629 847 duri
653 822 720 848 me
744 807 895 848 Martis
919 807 961 847 in
986 807 1110 848 armis

66 867 149 908 tela
172 867 279 909 inter
304 868 440 910 media
464 876 587 922 atque
612 869 807 910 adversos
833 869 988 910 detinet
1013 869 1170 910 hostes:

66 937 112 970 tu
136 930 280 984 procul
305 945 330 971 a
353 931 485 985 patria
509 934 602 983 (nec
627 931 679 973 sit
703 931 805 972 mihi
830 931 1013 984 credere)
1039 939 1201 972 tantum

67 991 245 1046 Alpinas
271 992 337 1042 ah,
364 993 479 1042 dura,
504 993 620 1035 nives
646 1001 686 1035 et
710 993 867 1049 frigora
891 993 1028 1035 Rheni

67 1069 134 1096 me
160 1054 246 1096 sine
271 1055 359 1096 sola
382 1055 511 1096 vides.
544 1056 609 1105 ah,
634 1064 674 1097 te
698 1071 751 1097 ne
776 1056 931 1110 frigora
954 1054 1140 1096 laedant!

68 1115 136 1165 ah,
161 1116 236 1157 tibi
259 1131 311 1158 ne
336 1124 499 1158 teneras
523 1117 677 1172 glacies
704 1125 815 1159 secet
841 1132 987 1172 aspera
1011 1116 1192 1172 plantas!

67 1178 138 1219 ibo
163 1185 204 1220 et
229 1177 470 1221 Chalcidico
494 1193 602 1233 quae
627 1187 722 1221 sunt
747 1179 848 1221 mihi
874 1179 1041 1221 condita
1065 1194 1189 1221 versu

69 1240 252 1282 carmina
275 1241 450 1296 pastoris
476 1240 607 1283 Siculi
631 1242 877 1283 modulabor
902 1257 1046 1283 avena.

69 1309 226 1344 certum
251 1310 311 1344 est
335 1303 378 1344 in
403 1303 529 1353 silvis,
554 1304 661 1345 inter
685 1304 850 1359 spelaea
875 1303 1057 1345 ferarum

68 1364 191 1406 malle
215 1365 301 1420 pati
323 1365 556 1419 tenerisque
581 1380 694 1407 meos
720 1365 899 1407 incidere
925 1380 1085 1406 amores

70 1426 305 1468 arboribus:
331 1435 516 1469 crescent
539 1428 646 1477 illae,
673 1428 863 1469 crescetis
890 1442 1063 1469 amores.

69 1488 226 1531 interea
254 1489 391 1530 mixtis
416 1490 602 1531 lustrabo
628 1490 826 1532 Maenala
851 1489 1045 1545 nymphis

71 1559 142 1593 aut
166 1551 271 1593 acris
296 1552 480 1593 venabor
505 1567 639 1607 apros.
670 1567 754 1594 non
778 1567 844 1594 me
870 1553 954 1593 ulla
979 1551 1181 1593 vetabunt

69 1613 226 1669 frigora
249 1614 495 1655 Parthenios
521 1615 693 1656 canibus
719 1614 975 1656 circumdare
1001 1614 1143 1655 saltus.

69 1675 152 1717 iam
176 1675 277 1717 mihi
300 1691 374 1731 per
397 1691 520 1732 rupes
546 1677 687 1718 videor
710 1677 909 1730 lucosque
933 1676 1116 1718 sonantis

70 1738 148 1788 ire3
172 1739 272 1780 libet
295 1738 453 1780 Partho
478 1747 670 1793 torquere
696 1738 886 1791 Cydonia
909 1753 1038 1780 cornu

71 1801 243 1856 spicula.
274 1807 486 1855 tamquam
511 1801 613 1843 haec
638 1801 688 1842 sit
712 1801 842 1842 nostri
867 1801 1071 1842 medicina
1096 1800 1259 1850 furoris,

73 1870 144 1904 aut
168 1863 270 1904 deus
294 1863 362 1904 ille
386 1864 504 1904 malis
530 1863 744 1904 hominum
768 1864 984 1905 mitescere
1009 1863 1152 1904 discat.

72 1925 155 1966 iam
177 1939 313 1978 neque
337 1925 639 1980 hamadryades
664 1941 806 1967 rursus
830 1940 967 1979 neque
993 1925 1175 1966 carmina
1198 1925 1317 1967 nobis

72 1987 164 2042 ipsa
186 1988 367 2042 placent3
393 1988 507 2042 ipsae
531 2003 672 2028 rursus
698 1988 911 2029 concedite
936 1987 1076 2028 silvae.

72 2064 156 2091 non
180 2050 297 2091 illum
321 2050 449 2090 nostri
473 2058 647 2104 possunt
671 2058 830 2091 mutare
855 2050 1031 2098 labores,

74 2126 152 2153 nec
175 2112 209 2153 si
232 2111 456 2167 frigoribus
481 2112 627 2153 mediis
654 2112 927 2165 Hebrumque
952 2112 1143 2152 bibamus

76 2173 372 2228 Sithoniasque
395 2174 510 2216 nives
535 2173 680 2215 hiemis
706 2174 929 2215 subeamus
955 2188 1150 2227 aquosae,

75 2251 152 2278 nec
176 2236 222 2285 si,
248 2251 341 2277 cum
365 2236 544 2277 moriens
569 2237 652 2277 alta
675 2236 779 2278 liber
804 2244 890 2278 aret
913 2236 955 2276 in
980 2236 1106 2285 ulmo,

76 2298 332 2353 Aethiopum
357 2314 569 2340 versemus
595 2298 684 2340 ovis
708 2298 786 2339 sub
812 2299 945 2340 sidere
971 2298 1122 2339 cancri.

78 2360 215 2402 omnia
238 2360 364 2401 vincit
388 2362 539 2402 Amor:
566 2369 607 2402 et
631 2375 705 2401 nos
731 2360 926 2402 cedamus
951 2360 1127 2401 Amori.'

133 2424 253 2464 Haec
277 2430 339 2464 sat
364 2423 451 2473 erit,
477 2423 611 2472 divae,
636 2430 819 2464 vestrum
845 2423 1043 2464 cecinisse
1068 2430 1246 2477 poetam,

80 2487 178 2527 dum
203 2485 319 2526 sedet
343 2492 383 2526 et
407 2486 550 2540 gracili
575 2486 772 2527 fiscellam
797 2486 900 2527 texit
925 2485 1097 2533 hibisco,

79 2548 284 2596 Pierides3
310 2562 383 2588 vos
408 2547 510 2589 haec
534 2548 693 2589 facietis
718 2547 900 2588 maxima
926 2546 1063 2596 Gallo,

82 2608 220 2660 Gallo,
246 2609 360 2651 cuius
387 2625 500 2651 amor
524 2617 684 2651 tantum
709 2609 808 2651 mihi
834 2609 981 2651 crescit
1005 2609 1048 2651 in
1073 2609 1209 2660 horas,

1351 136 1408 180 25

1432 259 1474 289 35

1434 570 1478 601 40

1433 881 1476 911 45

1437 1192 1480 1223 50

1437 1505 1479 1535 55

1437 1817 1480 1848 60

1440 2130 1481 2160 65

1443 2444 1484 2474 70
