1628 2847
515 186 617 222 AEN
620 184 768 220 EIDOS
791 184 887 219 LIB.
912 184 960 219 X.
1331 174 1414 217 295

70 298 194 345 atque
219 290 346 333 oeulis
371 289 552 345 spatium
577 304 782 338 emensus,
808 295 1012 342 quantum
1037 288 1135 330 satis
1160 287 1318 337 hastae,

69 354 234 395 ‘dextra
257 352 358 393 mihi
382 353 484 394 deus
509 358 550 393 et
574 352 716 401 telum,
742 351 854 405 quod
879 351 1033 392 missile
1057 351 1178 400 libro,

69 431 180 457 nuno
204 414 358 456 adsint!
385 428 516 455 voveo
542 414 763 469 praedonis
788 428 958 468 corpore
983 413 1111 468 raptis

68 477 259 518 indutum
283 476 423 531 spoliis
448 476 585 531 ipsum
610 483 663 524 te,
688 476 843 524 Lause,
870 482 1088 530 tropaeum

69 538 266 581 Aeneae.'
316 539 418 579 dixit
442 538 768 592 stridentemque
794 537 953 579 eminus
980 537 1143 578 hastam
1442 548 1505 577 775

68 601 182 650 iecit3
207 607 250 641 at
272 600 342 641 illa
366 601 509 641 volans
535 600 667 655 clipeo
692 606 754 641 est
778 614 954 641 excussa
977 600 1206 654 proculque

70 663 283 718 egregium
309 664 500 704 Antoren
524 663 632 703 latus
657 663 763 703 inter
789 669 829 703 et
851 662 921 702 ilia
945 662 1048 716 figit,

69 725 262 766 Herculis
286 725 479 766 Antoren
504 725 709 773 comitem,
736 724 807 778 qui
831 724 981 765 missus
1007 724 1059 764 ab
1083 723 1213 778 Argis

68 787 258 828 haeserat
281 787 483 828 Euandro
511 794 635 840 atque
660 787 768 828 Itala
793 786 1036 827 consederat
1059 786 1175 827 urbe.

69 849 264 891 sternitur
288 850 432 891 infelix
459 850 592 891 alieno
618 850 789 890 vulnere
815 849 1061 902 caelumque
1323 870 1330 879 ·
1443 858 1507 888 780

68 911 216 966 aspicit
239 919 279 952 et
304 912 436 953 duleis
461 912 642 953 moriens
667 911 945 952 reminiscitur
969 912 1122 965 Argos.

68 979 156 1013 tum
180 973 273 1029 pius
299 975 466 1015 Aeneas
491 974 653 1015 hastam
677 972 793 1014 iacit:
819 973 889 1014 illa
913 988 988 1028 per
1012 973 1156 1014 orbem

68 1050 163 1077 aere
188 1050 337 1077 cavum
362 1036 525 1091 triplici,
551 1051 625 1090 per
649 1035 758 1076 linea
782 1042 901 1089 terga
925 1035 1141 1089 tribusque

67 1098 215 1139 transit
238 1099 444 1139 intextum
468 1098 596 1139 tauris
622 1112 725 1152 opus
751 1098 917 1151 imaque
942 1097 1047 1138 sedit

67 1159 256 1215 inguine3
283 1160 356 1201 sed
379 1160 476 1201 viris
502 1160 614 1201 haud
640 1159 819 1214 pertulit.
869 1159 984 1201 ocius
1010 1174 1152 1201 ensem
1445 1170 1506 1202 785

67 1222 250 1272 Aeneas,
276 1223 366 1264 viso
392 1222 598 1277 Tyrrheni
624 1221 828 1277 sanguine
851 1222 999 1271 laetus,

69 1284 188 1339 eripit
214 1301 237 1326 a
262 1285 416 1326 femine
441 1292 480 1326 et
506 1284 728 1339 trepidanti
753 1284 938 1325 fervidus
963 1284 1101 1329 instat.

67 1346 271 1401 ingemuit
295 1347 379 1388 cari
403 1347 586 1402 graviter
611 1346 808 1402 genitoris
833 1361 986 1395 amore,

67 1416 114 1449 ut
138 1409 252 1459 vidit,
278 1409 458 1458 Lausus,
483 1409 763 1463 lacrimaeque
788 1424 862 1463 per
886 1424 958 1450 ora
983 1407 1163 1450 volutae.

68 1470 134 1512 hio
159 1472 302 1512 mortis
327 1472 454 1513 (lurae
480 1486 623 1512 casum
648 1478 806 1525 tuaque
831 1471 988 1526 optima
1012 1470 1136 1520 facta,
1444 1482 1508 1513 790

69 1533 187 1587 siqua
211 1533 332 1574 fidem
360 1540 474 1574 tanto
501 1541 562 1575 est
587 1533 701 1588 operi
725 1534 860 1574 latura
885 1539 1084 1582 vetustas,

67 1610 151 1636 non
176 1595 368 1649 equidem
393 1610 470 1637 nec
495 1603 547 1645 te,
573 1595 733 1637 iuvenis
759 1594 1041 1644 memorande,
1067 1594 1211 1636 silebo.

67 1658 136 1699 ille
161 1658 311 1712 pedem
334 1658 517 1699 referens
543 1666 583 1699 et
606 1657 762 1699 inutilis
787 1658 913 1711 inque
938 1658 1091 1712 ligatus

69 1720 242 1761 cedebat
267 1720 483 1775 clipeoque
508 1720 723 1761 inimicum
747 1720 895 1761 hastile
920 1720 1123 1761 trahebat.

68 1782 271 1838 proripuit
294 1783 454 1824 iuvenis
481 1797 653 1836 seseque
678 1782 887 1823 inmiscuit
912 1782 1036 1823 armis
1444 1796 1506 1826 795

68 1846 234 1899 iamque
261 1845 522 1900 adsurgentis
548 1844 693 1886 dextra
716 1845 967 1899 plagamque
992 1844 1162 1885 ferentis

69 1909 241 1949 Aeneae
268 1908 394 1948 subiit
418 1922 658 1949 mucronem
683 1908 904 1962 ipsumque
927 1907 1128 1948 morando

70 1969 280 2018 sustinuit3
307 1969 406 2011 socii
430 1984 583 2024 magno
609 1970 788 2010 clamore
815 1976 1057 2022 sequuntur,

71 2032 169 2073 dum
194 2031 357 2087 genitor
381 2032 467 2072 nati
490 2047 635 2087 parma
659 2038 869 2086 protectus
895 2031 1040 2080 abiret,

71 2095 235 2147 telaque
262 2094 471 2135 coniciunt
496 2094 823 2149 proturbantque
850 2093 1009 2135 eminus
1036 2094 1196 2136 hostem
1443 2108 1508 2139 800

70 2155 306 2197 missilibus.
354 2156 452 2197 furit
478 2156 645 2197 Aeneas
671 2163 887 2209 tectusque
912 2162 1024 2197 tenet
1048 2171 1105 2197 se.

71 2233 119 2260 ac
144 2219 270 2267 velut,
295 2218 428 2259 effusa
452 2219 654 2272 siquando
678 2218 879 2273 grandine
903 2218 1035 2259 nimbi

70 2280 355 2336 praecipitant,
382 2281 514 2322 omnis
541 2281 696 2335 eampis
722 2280 888 2335 diffugit
912 2287 1060 2330 arator,

72 2343 204 2384 omnis
230 2350 270 2384 et
293 2343 475 2397 agricola
498 2351 539 2385 et
563 2350 651 2384 tuta
675 2343 776 2384 latet
800 2358 893 2384 arce
918 2343 1064 2392 viator,

72 2413 144 2447 aut
169 2405 300 2446 amnis
325 2406 423 2460 ripis
448 2413 520 2447 aut
544 2406 615 2447 alti
639 2405 796 2447 fornice
821 2405 923 2455 saxi,
1443 2417 1507 2449 805

73 2467 171 2508 dum
197 2467 301 2522 pluit
324 2467 365 2508 in
391 2468 522 2518 terris,
547 2475 593 2509 ut
617 2468 775 2522 possint
800 2468 885 2509 sole
910 2467 1080 2509 reducto

74 2544 264 2570 exercere
290 2529 416 2571 diem:
443 2529 501 2571 sic
526 2531 698 2571 obrutus
722 2530 906 2583 undique
932 2529 1024 2571 telis

75 2592 240 2633 Aeneas
265 2592 421 2633 nubem
444 2592 553 2641 belli,
580 2592 680 2633 dum
705 2592 874 2634 detonet
897 2592 1043 2642 omnis,

74 2653 248 2695 sustinet
272 2660 312 2696 et
336 2653 524 2696 Lausum
548 2654 766 2710 increpitat
789 2654 1016 2709 Lausoque
1041 2654 1238 2695 minatur:
