1622 2847
109 1120 152 1151 10

111 1432 151 1463 15

110 1745 152 1777 20

111 2059 152 2090 25

111 2371 153 2403 30

180 126 236 170 24
596 135 640 173 P.
657 134 870 172 VERGILI
894 135 1119 173 MARONIS

656 318 948 370 ECLOGA
981 321 1041 371 X.

721 439 982 480 GALLUs

235 549 485 592 Extremum
509 549 634 599 hunc,
659 551 886 598 Arethusa,
911 549 1012 591 mihi
1037 550 1218 593 concede
1242 551 1444 594 laborem:

177 627 315 667 pauca
338 627 431 655 meo
459 612 595 662 Gallo,
621 613 695 654 sed
720 628 828 667 quac
852 613 965 668 legat
989 614 1078 668 ipsa
1104 613 1294 668 Lycoris,

178 674 363 716 carmina
387 682 483 717 sunt
508 675 703 717 dicenda:
729 682 854 731 neget
879 675 972 729 quis
998 675 1182 717 carmina
1208 676 1357 718 Gallo?

179 736 237 777 sic
263 736 351 787 tibi,
377 752 473 779 cum
497 737 647 779 fluctus
673 737 956 779 subterlabere
983 737 1172 788 Sicanos,

176 798 306 840 Doris
331 815 474 841 amara
498 815 617 841 suam
641 815 725 841 non
749 800 1028 842 intermisceat
1051 801 1225 842 undam:

175 861 312 916 incipe
321 878 332 912 3
359 861 555 904 sollicitos
581 861 696 905 Galli
721 863 907 904 dicamus
933 877 1106 912 amores,

177 923 278 964 dum
301 931 446 966 tenera
470 924 685 966 attondent
711 924 839 966 simae
864 924 1045 980 virgulta
1069 925 1268 979 capellae.

176 1000 261 1027 non
287 987 474 1028 canimus
500 987 649 1037 surdis,
675 987 928 1042 respondent
953 987 1092 1028 omnia
1117 987 1256 1029 silvae.

235 1048 358 1100 Quae
383 1064 554 1090 nemora
579 1056 651 1090 aut
675 1049 747 1103 qui
773 1064 846 1090 vos
872 1049 1001 1090 saltus
1027 1049 1224 1099 habuere,
1249 1049 1412 1105 puellae

174 1110 334 1161 naides,
360 1111 533 1166 indigno
559 1126 655 1153 cum
681 1110 831 1153 Gallus
857 1125 996 1153 amore
1020 1111 1206 1166 peribat?

176 1188 274 1215 nam
298 1188 435 1228 neque
459 1173 637 1215 Parnasi
662 1174 780 1215 vobis
804 1174 917 1228 iuga,
942 1189 1038 1214 nam
1062 1188 1197 1228 neque
1221 1174 1347 1216 Pindi

175 1236 262 1277 ulla
286 1251 447 1277 moram
471 1236 621 1285 fecere,
646 1250 783 1290 neque
807 1236 945 1277 Aonie
970 1236 1209 1292 Aganippe.

174 1298 293 1340 illum
319 1299 443 1340 etiam
467 1299 587 1348 lauri,
613 1299 738 1340 etiam
762 1298 913 1340 flevere
937 1299 1132 1353 myricae,

175 1361 328 1416 pinifer
351 1361 470 1403 illum
495 1361 620 1403 etiam
646 1361 732 1402 sola
757 1360 835 1402 sub
859 1375 963 1416 rupe
987 1361 1190 1403 iacentem

176 1423 401 1465 Maenalus
426 1431 468 1465 et
492 1423 620 1479 gelidi
643 1424 849 1465 fleverunt
873 1439 974 1465 saxa
998 1423 1171 1478 Lycaei.

177 1492 288 1528 stant
312 1493 352 1528 et
376 1501 474 1528 oves
500 1487 658 1528 circum
682 1485 830 1539 (nostri
852 1501 931 1528 nec
954 1486 1139 1541 paenitet
1161 1486 1266 1536 illas,

175 1563 253 1590 nec
278 1555 319 1590 te
344 1548 556 1604 paeniteat
579 1548 755 1604 pecoris,
782 1548 920 1590 divine
944 1555 1084 1604 poeta:

177 1618 217 1653 et
241 1611 448 1653 formosus
474 1611 563 1652 ovis
588 1611 642 1652 ad
665 1611 839 1652 flumina
862 1611 977 1666 pavit
1000 1610 1199 1664 Adonis);

177 1673 290 1715 venit
316 1681 356 1715 et
379 1674 524 1729 upilio,
550 1674 658 1714 tardi
683 1689 834 1715 venere
858 1673 1035 1723 subulci,

175 1736 328 1778 uvidus
353 1735 526 1778 hiberna
550 1736 664 1778 venit
688 1737 739 1778 de
765 1736 916 1791 glande
940 1736 1170 1778 Menalcas.

177 1814 320 1840 omnes
347 1799 477 1840 ‘unde
502 1813 617 1840 amor
641 1799 737 1841 iste’
762 1805 913 1854 rogant
938 1799 1074 1840 ‘tibi?'
1101 1797 1215 1840 venit
1238 1797 1410 1853 Apollo:

178 1860 336 1911 ‘Galle,
361 1861 464 1915 quid
487 1861 685 1903 insanis?'
711 1862 857 1916 inquit.
885 1866 976 1903 ‘tua
1001 1877 1100 1903 cura
1123 1861 1300 1916 Lycoris

176 1939 334 1979 perque
358 1925 475 1966 nives
501 1924 627 1966 alium
652 1939 810 1979 perque
835 1924 1003 1965 horrida
1028 1931 1162 1965 castra
1185 1930 1328 1966 secuta
1352 1922 1440 1966 est?

178 1987 292 2028 venit
316 1993 357 2028 et
381 1987 535 2042 agresti
561 1986 707 2042 capitis
735 1986 931 2028 Silvanus
956 1987 1126 2037 honore,

177 2049 360 2091 florentis
384 2049 538 2091 ferulas
563 2058 604 2091 et
627 2049 804 2104 grandia
827 2050 913 2091 lilia
937 2064 1153 2103 quassans.

177 2111 271 2152 Pan
296 2111 398 2153 deus
423 2112 633 2154 Arcadiae
659 2112 784 2160 venit,
811 2127 936 2166 quem
960 2112 1140 2153 vidimus
1165 2110 1245 2167 ipsi

179 2174 420 2229 sanguineis
446 2175 559 2216 ebuli
585 2175 698 2217 bacis
722 2175 933 2230 minioque
957 2175 1197 2216 rubentem:

180 2237 341 2291 ‘ecquis
368 2237 444 2279 erit
467 2237 661 2279 modus?'
687 2238 831 2292 inquit.
858 2239 1007 2279 ‘Amor
1030 2252 1113 2279 non
1137 2237 1236 2279 talia
1261 2243 1395 2279 curat:

177 2315 255 2341 nec
279 2300 459 2342 lacrimis
485 2300 666 2342 crudelis
690 2302 825 2342 Amor
848 2315 925 2343 nec
951 2300 1139 2355 gramina
1162 2299 1261 2341 rivis

177 2377 254 2404 nec
279 2363 410 2417 cytiso
435 2370 674 2405 saturantur
698 2379 796 2419 apes
820 2378 898 2405 nec
923 2363 1070 2404 fronde
1095 2363 1305 2417 capellac.'

176 2425 304 2466 tristis
330 2433 372 2466 at
396 2425 463 2468 ille
490 2430 647 2468 ‘tamen
673 2426 904 2476 cantabitis,
930 2425 1137 2468 Arcades’
1164 2425 1310 2479 inquit,

178 2487 408 2529 ‘montibus
434 2488 537 2530 haec
562 2489 722 2538 vestris,
749 2489 825 2530 soli
851 2496 1016 2530 cantare
1041 2488 1161 2543 periti

177 2550 381 2592 Arcades.
413 2565 437 2591 ο
463 2550 563 2591 mihi
588 2558 678 2592 tum
703 2566 829 2605 quam
853 2551 1031 2593 molliter
1055 2565 1148 2591 ossa
1173 2549 1400 2604 quiescant,

176 2620 315 2655 vestra
339 2628 454 2655 meos
479 2613 577 2655 olim
603 2614 636 2654 si
662 2614 800 2655 fistula
825 2614 934 2656 dicat
959 2612 1138 2655 amores!
