1628 2847
211 127 296 171 360
798 139 974 178 CVLEX.

210 241 293 283 iam
317 242 450 298 magis
477 250 602 298 atque
627 244 761 299 magis
786 259 935 300 corpus
959 246 1189 289 revolubile
1214 246 1384 290 volvens

123 314 187 345 170
212 305 359 346 attollit
383 306 522 347 nitidis
547 313 693 361 pectus
717 307 966 362 fulgoribus,
991 309 1112 351 effert

215 367 382 408 sublimi
409 369 568 410 cervice
594 376 731 424 caput,
758 369 824 411 eui
850 370 974 412 crista
998 386 1177 426 superne

212 430 323 471 edita
345 445 555 485 purpureo
579 431 722 473 lucens
747 432 981 474 maculatur
1005 433 1171 483 amictu,

213 492 494 548 adspectuque
519 493 674 535 micant
697 494 959 536 flammarum
983 495 1141 537 lumina
1165 503 1295 538 torvo.

212 562 390 596 metatur
413 556 495 597 late
521 556 676 598 circum
701 557 804 605 loca,
831 571 926 599 cum
950 557 1063 599 videt
1086 558 1233 613 ingens

125 628 186 658 175
212 617 433 659 adversum
458 619 658 660 recubare
683 618 833 661 ducem
858 619 1012 674 gregis.
1061 621 1193 661 acrior
1217 620 1344 661 instat

211 679 369 721 lumina
394 680 631 722 diffundens
656 681 869 723 intendere
895 689 937 723 et
960 682 1085 724 obvia
1108 690 1249 724 torvus

212 743 331 797 spiris
356 743 556 798 arripiens
582 743 821 799 infringere,
847 744 959 798 quod
984 760 1061 786 sua
1085 745 1305 799 quisquam

212 805 265 846 ad
290 805 398 846 vada
422 805 616 848 venisset.
664 814 837 848 naturae
863 814 1077 862 comparat
1101 822 1233 848 arma:

213 867 329 909 ardet
351 875 503 918 mente,
528 868 629 910 furit
653 869 912 919 stridoribus,
937 869 1099 911 intonat
1122 884 1206 919 ore,

126 942 188 972 180
212 930 389 972 flexibus
415 932 567 972 eversis
593 938 809 986 torquetur
832 932 1013 987 corporis
1039 932 1163 982 orbis,

212 1000 382 1034 manant
406 993 660 1049 sanguineae
684 1009 759 1049 per
782 1001 938 1036 tractus
964 995 1149 1049 undique
1173 1000 1331 1049 guttae,

214 1055 379 1110 spiritus
407 1057 586 1111 erumpit
609 1057 765 1099 fauces.
816 1071 898 1111 quo
924 1064 1073 1099 cuncta
1097 1064 1268 1112 parante

213 1119 411 1174 parvulus
435 1118 546 1160 hunc
570 1120 682 1174 prior
706 1120 861 1161 umoris
887 1126 1093 1161 conterret
1117 1120 1310 1160 alumnus

213 1187 254 1221 et
278 1187 453 1222 mortem
477 1181 606 1223 vitare
631 1189 770 1223 monet
794 1196 868 1237 per
893 1182 1098 1224 acumina.
1147 1196 1328 1235 namque

125 1253 187 1284 185
213 1246 324 1297 †qua
349 1243 518 1284 diducta
541 1259 672 1299 genas
697 1244 939 1299 pandebant
962 1244 1120 1286 lumina
1142 1243 1332 1299 gemmis,

213 1307 325 1358 †hac
349 1306 522 1348 senioris
548 1314 637 1349 erat
660 1314 833 1349 naturae
858 1308 1016 1363 pupula
1040 1308 1122 1349 telo

213 1370 295 1410 icta
318 1368 412 1418 levi,
439 1383 534 1410 cum
558 1370 749 1424 prosiluit
771 1369 1023 1412 furibundus
1049 1377 1090 1411 et
1112 1370 1230 1411 illum

215 1432 413 1473 obtritum
437 1431 568 1473 Morti
593 1433 722 1474 misit:
749 1432 817 1474 cui
843 1433 1010 1474 dissitus
1036 1432 1169 1474 omnis

214 1494 380 1550 spiritus
406 1495 582 1536 excessit
607 1501 765 1537 sensus.
814 1502 901 1537 tum
929 1502 1046 1538 torva
1071 1501 1279 1537 tenentem

126 1569 189 1600 190
214 1557 373 1599 lumina
395 1557 574 1613 respexit
599 1565 834 1613 serpentem
860 1558 1108 1608 comminus3
1135 1558 1231 1599 inde

212 1620 389 1675 inpiger,
415 1620 630 1669 exanimis,
657 1620 727 1661 vix
752 1635 922 1676 compos
948 1628 1086 1663 mente
1111 1619 1266 1675 refugit

215 1690 254 1725 et
278 1682 462 1723 validum
489 1682 635 1724 dextra
659 1690 851 1725 truncum
877 1683 1055 1725 detraxit
1079 1683 1133 1724 ob
1158 1696 1258 1724 orno

215 1746 358 1799 (quam
385 1759 505 1786 casus
530 1745 696 1787 sociarit
720 1760 842 1801 opem
867 1761 1075 1787 numenve
1101 1745 1288 1793 deorum,

214 1807 390 1863 prodere
415 1807 467 1848 sit
492 1807 680 1857 dubium,
706 1807 837 1850 valuit
862 1807 937 1850 sed
960 1809 1126 1850 vincere
1151 1807 1242 1848 talis

128 1882 189 1913 195
215 1870 383 1911 horrida
407 1871 616 1924 squamosi
642 1871 851 1913 volventia
875 1871 1064 1912 membra
1087 1869 1295 1922 draconis)

217 1940 342 1986 atque
367 1933 607 1974 reluctantis
633 1933 786 1975 crebris
812 1933 1017 1988 foedeque
1042 1932 1218 1988 petentis

214 1995 366 2037 ictibus
391 2010 485 2036 ossa
510 1995 617 2045 ferit,
644 1995 818 2051 cingunt
841 2010 925 2050 qua
948 2003 1136 2051 tempora
1161 1995 1327 2044 cristae3

216 2065 257 2100 et
280 2057 393 2111 quod
418 2064 504 2099 erat
530 2058 647 2099 tardo
673 2058 807 2100 somni
830 2058 1032 2112 languore
1057 2065 1238 2106 renatus,

215 2134 293 2161 nec
318 2119 431 2174 prius
458 2119 662 2174 aspiciens
688 2120 810 2161 timor
834 2127 1128 2162 occaecaverat
1151 2126 1279 2167 artus,

127 2193 192 2224 200
217 2181 296 2223 hoc
320 2181 456 2223 minus
481 2182 670 2236 inplicuit
695 2183 784 2224 dira
807 2182 1029 2224 formidine
1054 2188 1247 2224 mentem.

217 2258 343 2298 quem
367 2251 588 2299 postquam
614 2244 718 2285 vidit
742 2260 909 2286 caesum
934 2245 1219 2300 languescere,
1245 2244 1362 2286 sedit.

274 2306 365 2348 Iam
391 2307 525 2361 quatit
549 2315 587 2349 et
612 2307 766 2362 biiugis
792 2307 926 2349 oriens
952 2306 1127 2349 Erebeis
1153 2321 1281 2361 equos
1307 2307 1402 2348 Nox

218 2376 261 2412 et
283 2369 402 2424 piger
427 2377 572 2411 aurata
596 2369 784 2425 procedit
807 2371 970 2425 Vesper
994 2370 1047 2410 ab
1073 2368 1197 2418 Oeta,

221 2447 316 2474 cum
341 2447 469 2487 grege
496 2433 710 2487 compulso
735 2439 889 2487 pastor,
915 2432 1223 2487 duplicantibus
1248 2431 1419 2481 umbris,

131 2506 193 2536 205
220 2494 335 2536 vadit
359 2501 400 2535 et
424 2494 463 2535 in
490 2495 620 2536 fessos
646 2495 830 2549 rcquiem
857 2494 954 2536 dare
980 2500 1193 2549 comparat
1216 2501 1340 2535 artus.

220 2556 337 2598 cuius
362 2564 407 2597 ut
432 2557 601 2598 intravit
622 2557 752 2599 levior
775 2572 850 2612 per
873 2572 1047 2612 corpora
1071 2571 1240 2598 somnus

222 2618 503 2674 languidaque
530 2620 662 2661 effuso
687 2620 929 2675 requierunt
954 2618 1139 2662 membra
1164 2633 1325 2674 sopore,
