1660 2847
122 443 162 474 95

99 755 162 785 100

101 1067 162 1098 105

103 1377 166 1408 110

103 1689 165 1720 115

107 2002 170 2033 120

109 2313 171 2344 125

188 133 271 176 256
595 142 638 177 P.
662 140 872 177 VERGILI
895 139 1121 177 MARONIS

187 245 296 287 filius
320 245 418 287 huic
442 251 597 295 contra,
621 251 787 300 torquet
811 245 883 299 qui
907 244 1042 286 sidera
1066 243 1230 286 mundi:

189 312 232 348 ‘o
257 307 460 362 genetrix,
487 322 569 362 quo
594 307 681 349 fata
703 308 854 349 vocas?
891 313 962 348 aut
985 306 1085 360 quid
1108 306 1215 361 petis
1239 304 1353 347 istis?

188 370 404 411 mortaline
430 385 556 411 manu
581 369 716 411 factae
741 369 957 410 inmortale
983 368 1147 410 carinae

187 432 251 473 fas
276 432 457 474 habeant
481 439 700 485 certusque
726 432 883 473 incerta
907 430 1091 486 pericula
1113 431 1260 472 lustret

186 495 379 536 Aeneas?
404 494 471 535 cui
496 501 610 535 tanta
635 494 712 536 deo
736 494 938 549 permissa
961 494 1167 547 potestas?

185 557 312 598 immo
338 556 410 597 ubi
435 556 658 597 defunctae
682 556 807 597 finem
831 562 1058 610 portusque
1083 554 1283 596 tenebunt

186 619 399 661 Ausonios
424 618 535 668 olim,
561 632 849 672 quaecumque
874 617 1052 659 evaserit
1076 617 1199 657 undis

187 680 536 734 Dardaniumque
562 680 712 722 ducem
737 679 968 721 Laurentia
993 679 1151 720 vexerit
1175 693 1287 727 arva,

186 743 403 784 mortalem
429 742 601 797 eripiam
625 742 803 783 formam
828 741 1052 796 magnique
1077 740 1231 781 iubebo

189 805 380 859 aequoris
406 819 497 846 esse
522 804 635 854 deas,
660 804 794 858 qualis
819 803 973 845 Nereia
996 803 1109 844 Doto

188 875 227 909 et
253 866 431 909 Galatea
456 874 599 908 secant
622 873 886 922 spumantem
910 872 1077 920 pectore
1102 862 1303 919 pontum.'

188 929 363 978 dixerat,
388 929 514 983 idque
538 935 675 970 ratum
701 929 840 983 Stygii
864 943 937 983 per
962 927 1133 968 flumina
1158 925 1311 974 fratris,

186 1007 260 1048 per
284 991 376 1047 pice
400 991 593 1033 torrentis
619 998 793 1044 atraque
817 990 1016 1045 voragine
1041 989 1151 1044 ripas

189 1054 334 1096 adnuit
358 1060 400 1095 et
422 1060 557 1095 totum
581 1060 686 1094 nutu
710 1052 943 1094 tremefecit
968 1050 1213 1106 Olympum.

244 1115 360 1170 Ergo
385 1115 529 1156 aderat
552 1114 755 1170 promissa
780 1113 867 1155 dies
893 1120 933 1155 et
956 1119 1144 1167 tempora
1168 1124 1318 1166 parcae

189 1178 328 1220 debita
352 1178 623 1232 complerant,
650 1191 746 1218 cum
770 1175 904 1217 Turni
928 1175 1078 1216 iniuria
1101 1174 1283 1215 Matrem

189 1239 405 1281 admonuit
429 1239 588 1280 ratibus
614 1237 741 1279 sacris
767 1237 973 1292 depellere
997 1236 1153 1277 taedas.

188 1302 255 1343 hic
279 1302 460 1357 primum
485 1315 594 1342 nova
616 1300 690 1341 lux
714 1299 844 1341 oculis
870 1297 1027 1340 offulsit
1051 1305 1091 1339 et
1114 1297 1261 1351 ingens

192 1364 305 1405 visus
332 1364 384 1404 ab
410 1364 578 1404 Aurora
603 1362 766 1404 caelum
791 1368 1073 1402 transcurrere
1097 1359 1263 1400 nimbus

189 1426 389 1479 Idaeique
415 1425 529 1467 chori
538 1441 548 1474 3
574 1431 664 1466 tum
689 1439 770 1466 vox
795 1423 1003 1465 horrenda
1026 1437 1099 1478 per
1124 1436 1246 1463 auras

191 1489 344 1531 excidit
367 1494 409 1529 et
432 1488 591 1529 Troum
616 1487 953 1540 Rutulorumque
978 1485 1147 1540 agmina
1171 1483 1369 1538 complet:

191 1557 262 1593 ‘ne
287 1550 492 1606 trepidate
516 1565 644 1599 meas,
669 1549 836 1598 Teucri,
861 1547 1083 1590 defendere
1110 1546 1242 1595 navis,

190 1628 294 1656 neve
319 1620 476 1655 armate
501 1627 667 1653 manus:
692 1611 823 1653 maria
847 1618 942 1652 ante
968 1624 1140 1652 exurere
1165 1609 1308 1649 Turno

191 1692 317 1732 quam
343 1690 480 1716 sacras
507 1674 673 1715 dabitur
697 1675 832 1729 pinus.
881 1687 955 1714 vos
980 1672 1036 1713 ite
1061 1672 1234 1716 solutae,

191 1740 247 1780 ite
273 1739 374 1780 deae
398 1737 556 1792 pelagi3
583 1736 772 1791 genetrix
796 1735 939 1776 iubet.’
989 1740 1030 1775 et
1053 1748 1129 1775 sua
1152 1746 1343 1786 quaeque

192 1801 388 1843 continuo
412 1814 574 1854 puppes
600 1798 855 1853 abrumpunt
879 1796 1045 1838 vincula
1067 1795 1167 1850 ripis

193 1863 519 1918 delphinumque
545 1861 668 1902 modo
695 1859 893 1902 demersis
919 1872 1100 1912 aequora
1124 1856 1266 1898 rostris

192 1927 276 1968 ima
300 1931 460 1980 petunt.
509 1924 605 1964 hinc
631 1923 856 1978 virgineae,
883 1921 1070 1962 mirabile
1094 1926 1337 1967 monstrum,

194 1988 374 2030 reddunt
399 2002 442 2028 se
468 1986 639 2027 totidem
664 1985 791 2026 facies
816 1991 1027 2039 pontoque
1052 1982 1254 2024 feruntur.

251 2049 507 2104 Obstipuere
534 2047 681 2089 animis
706 2047 865 2096 Rutuli,
892 2045 1137 2088 conterritus
1161 2044 1250 2098 ipse

194 2113 372 2155 turbatis
397 2112 622 2166 Messapus
647 2110 778 2164 equis,
805 2115 1022 2151 cunctatur
1048 2114 1088 2149 et
1111 2106 1244 2148 amnis

194 2190 321 2216 rauca
346 2188 496 2215 sonans
522 2180 773 2226 revocatque
798 2172 949 2226 pedem
974 2169 1198 2211 Tiberinus
1223 2168 1275 2209 ab
1300 2167 1396 2209 alto.

196 2245 238 2280 at
261 2252 345 2279 non
370 2236 518 2278 audaci
542 2236 686 2276 Turno
711 2235 864 2276 fiducia
887 2233 1028 2282 cessit3

196 2301 303 2343 ultro
330 2299 488 2340 animos
515 2298 619 2339 tollit
644 2297 763 2339 dictis
788 2304 914 2351 atque
938 2297 1124 2350 increpat
1148 2294 1275 2335 ultro:

196 2361 420 2403 ‘Troianos
446 2360 549 2402 haec
573 2366 759 2401 monstra
782 2365 943 2415 petunt,
968 2357 1030 2399 his
1055 2356 1244 2411 Iuppiter
1268 2354 1356 2409 ipse

199 2424 399 2466 auxilium
426 2423 592 2464 solitum
618 2422 781 2477 eripuit,
805 2436 888 2463 non
914 2421 997 2462 tela
1021 2433 1154 2473 neque
1180 2419 1297 2473 ignes

198 2493 443 2542 exspectant
469 2485 660 2527 Rutulos.
711 2499 809 2540 ergo
833 2483 964 2525 maria
987 2482 1100 2524 invia
1124 2480 1297 2522 Teucris

197 2564 274 2591 nec
299 2563 392 2604 spes
417 2548 502 2589 ulla
527 2548 671 2602 fugae:
702 2562 839 2589 rerum
865 2561 960 2601 pars
985 2545 1114 2586 altera
1139 2543 1332 2597 adempta
1357 2547 1431 2590 est,

112 2624 174 2658 130
200 2619 308 2654 terra
333 2617 471 2652 autem
496 2611 538 2651 in
562 2609 713 2651 nostris
738 2609 928 2651 manibus
937 2625 948 2658 ;
974 2614 1034 2649 tot
1057 2606 1183 2656 milia,
1209 2611 1353 2661 gentes

1650 64 1657 72 ·
1647 0 1660 50 ⁴15ss
