1660 2847
150 514 213 545 190

149 827 209 857 195

147 1139 211 1170 200

238 145 320 184 280
654 152 695 186 Ρ.
715 150 924 188 VERGILI
949 150 1125 187 MARON
1129 150 1174 186 IS

239 255 484 309 transierim,
510 254 680 310 Cinyre,
706 261 746 297 et
769 255 911 310 paucis
936 254 1129 296 comitate
1155 253 1343 310 Cupavo,

238 317 355 359 cuius
381 318 564 359 olorinae
591 324 766 372 surgunt
790 318 840 358 dc
867 317 1020 358 vertice
1044 317 1194 371 pinnae

238 380 410 430 (crimen
435 394 550 421 amor
576 381 775 430 vestrum)
802 380 1043 432 formaeque
1067 379 1229 434 insigne
1255 386 1464 434 paternae.

237 456 417 496 namque
443 442 581 483 ferunt
604 442 720 483 luctu
746 440 939 497 Cycnum
962 441 1237 483 Phaethontis
1262 441 1401 492 amati,

237 505 437 559 populeas
462 503 570 545 inter
595 503 761 545 frondes
786 503 1061 556 umbramque
1087 517 1273 544 sororum

237 566 337 607 dum
362 566 473 607 canit
497 572 536 607 et
561 572 765 606 maestum
790 581 909 606 musa
935 565 1089 606 solatur
1114 579 1309 615 amorem,

237 634 454 669 canentem
479 628 592 668 molli
616 628 760 682 pluma
785 628 952 668 duxisse
978 634 1199 676 senectam,

235 691 491 744 linquentem
515 696 644 732 terras
669 697 709 731 et
734 690 868 731 sidera
893 704 994 730 voce
1018 696 1272 743 sequentem.

236 753 358 801 filius,
384 752 569 807 aequalis
594 752 813 794 comitatus
839 752 971 793 classe
995 758 1196 800 catervas,

236 816 447 870 ingentem
472 815 596 857 remis
623 814 880 856 Centaurum
907 820 1139 869 promovet:
1164 813 1234 855 ille

236 879 361 919 instat
385 892 518 931 aquae
543 892 775 931 saxumque
800 877 921 918 undis
946 877 1126 917 immane
1150 875 1330 916 minatur

236 941 390 982 arduus
415 946 457 981 et
480 940 607 994 longa
631 940 763 981 sulcat
789 940 918 980 maria
943 939 1026 980 alta
1051 938 1202 980 carina.

291 1003 367 1044 Ille
393 1003 517 1043 etiam
542 1002 684 1056 patriis
710 1017 860 1056 agmen
888 1001 968 1042 ciet
993 1000 1139 1042 Ocnus
1165 1000 1218 1042 ab
1243 999 1339 1049 oris,

236 1065 432 1106 fatidicae
456 1065 630 1105 Mantus
656 1071 694 1105 et
721 1064 848 1105 Tusci
873 1064 982 1105 filius
1008 1063 1154 1109 amnis,

236 1128 306 1182 qui
331 1142 470 1168 muros
497 1127 722 1180 matrisque
748 1126 861 1167 dedit
887 1126 975 1175 tibi,
999 1126 1192 1174 Mantua,
1217 1139 1383 1173 nomen,

235 1191 427 1238 Mantua,
454 1189 570 1230 dives
596 1189 702 1237 avis3
729 1189 801 1230 sed
826 1203 909 1229 non
933 1203 1066 1243 genus
1091 1187 1284 1228 omnibus
1309 1201 1459 1228 unum:

236 1268 340 1307 gens
365 1252 424 1293 illi
448 1252 611 1306 triplex,
637 1251 780 1306 populi
805 1251 883 1291 sub
908 1257 1032 1305 gente
1058 1249 1262 1304 quaterni,

236 1316 326 1370 ipsa
351 1321 475 1369 caput
500 1314 678 1369 populis,
703 1314 842 1354 Tusco
868 1313 918 1354 de
944 1312 1146 1367 sanguine
1170 1312 1291 1353 vires.

235 1378 331 1418 hinc
356 1391 522 1431 quoque
548 1376 798 1430 quingentos
823 1376 866 1416 in
891 1391 934 1417 se
959 1375 1196 1416 Mezentius
1222 1380 1367 1423 armat,

195 1452 207 1466 ³
237 1455 341 1494 quos
366 1446 482 1494 patre
507 1439 675 1480 Benaco
700 1438 861 1479 velatus
885 1437 1116 1478 harundine
1141 1437 1292 1491 glauca

236 1502 420 1543 Mincius
444 1501 596 1542 infesta
621 1501 801 1542 ducebat
824 1501 866 1541 in
891 1515 1072 1554 aequora
1096 1499 1210 1554 pinu.

236 1565 268 1606 it
291 1564 429 1619 gravis
457 1563 653 1604 Aulestes
680 1570 937 1616 centenaque
963 1563 1111 1603 arbore
1136 1562 1308 1602 fluctum

237 1627 430 1668 verberat
454 1626 702 1680 adsurgens3
729 1632 922 1680 spumant
947 1625 1055 1665 vada
1080 1638 1284 1665 marmore
1310 1637 1441 1664 verso.

236 1690 348 1731 hunc
372 1689 486 1729 vehit
509 1688 700 1728 immanis
726 1688 872 1728 Triton
898 1694 939 1729 et
963 1687 1128 1728 caerula
1153 1686 1310 1728 concha

149 1765 214 1795 210
239 1759 450 1794 exterrens
476 1750 594 1799 freta,
621 1751 688 1791 eui
712 1750 888 1791 laterum
915 1756 1035 1790 tenus
1059 1748 1224 1803 hispida
1247 1747 1363 1789 nanti

237 1815 351 1856 frons
376 1813 586 1853 hominem
610 1811 805 1866 praefert,
830 1812 873 1852 in
898 1811 1057 1866 pristim
1082 1810 1232 1851 desinit
1256 1810 1392 1859 alvus;

239 1891 412 1932 spumea
437 1874 628 1916 semifero
653 1874 731 1915 sub
756 1881 922 1929 pectore
947 1879 1178 1913 murmurat
1201 1872 1325 1913 unda.

295 1939 378 1979 Tot
402 1937 497 1979 lecti
523 1951 713 1992 proceres
739 1944 800 1977 ter
825 1936 940 1977 denis
965 1935 1142 1976 navibus
1168 1935 1284 1975 ibant

240 2000 424 2043 subsidio
448 1999 601 2040 Troiae
626 2005 667 2040 ct
692 2013 859 2053 campos
885 1998 980 2039 salis
1005 2012 1099 2039 aere
1123 1997 1332 2038 secabant.

295 2063 469 2115 Iamque
495 2061 582 2102 dies
608 2061 721 2102 caelo
747 2066 1007 2102 concesserat
1031 2060 1223 2112 almaque
1248 2073 1371 2099 curru

240 2125 460 2180 noctivago
485 2124 658 2165 Phoebe
684 2123 868 2165 medium
893 2123 1085 2178 pulsabat
1109 2121 1361 2176 Olympum:

241 2191 409 2230 Aeneas
435 2188 586 2241 (neque
613 2187 722 2227 enim
748 2186 944 2227 membris
969 2186 1040 2226 dat
1065 2200 1164 2226 cura
1187 2184 1385 2238 quietem)

241 2251 329 2306 ipse
356 2250 504 2291 sedens
530 2250 777 2302 clavumque
802 2249 909 2303 regit
934 2248 1118 2302 velisque
1145 2246 1361 2287 ministrat.

242 2320 366 2366 atque
390 2312 448 2352 illi
473 2312 608 2353 medio
634 2312 676 2352 in
700 2311 832 2366 spatio
859 2311 1022 2359 chorus,
1047 2324 1156 2358 ecce,
1182 2324 1350 2350 suarum

176 2393 182 2400 ·
242 2375 421 2417 occurrit
446 2374 662 2416 comitum:
688 2373 912 2429 nymphae,
938 2388 1041 2427 quas
1067 2372 1176 2413 alma
1203 2370 1378 2426 Cybebe

241 2452 395 2479 numen
420 2437 573 2478 habere
598 2436 722 2477 maris
746 2436 1038 2491 nymphasque
1063 2449 1085 2476 e
1109 2434 1287 2475 navibus
1312 2448 1401 2475 esse

242 2501 434 2547 iusserat,
459 2499 658 2539 innabant
684 2499 837 2554 pariter
861 2499 1093 2551 fluctusque
1119 2496 1329 2545 secabant,

243 2569 344 2616 quot
368 2561 480 2616 prius
507 2568 670 2603 aeratae
696 2568 895 2603 steterant
918 2561 971 2602 ad
995 2560 1114 2601 litora
1139 2573 1298 2614 prorae.

242 2625 503 2680 adgnoscunt
527 2625 651 2679 longe
676 2640 817 2679 regem
843 2624 1102 2677 lustrantque
1128 2622 1299 2664 choreis.
