1622 2847
454 150 746 188 GEORGICON
768 151 864 186 LIB.
890 152 939 186 Π.
1312 144 1364 185 47

22 256 202 306 victima,
226 271 350 311 saepe
374 262 446 297 tuo
470 255 628 311 perfusi
654 255 822 297 flumine
848 270 979 304 sacro,

21 318 233 360 Romanos
259 319 311 359 ad
335 318 491 373 templa
515 318 641 359 deum
666 318 822 359 duxere
847 317 1090 372 triumphos.

21 380 90 421 hic
115 395 188 421 ver
213 380 433 421 adsiduum
459 387 584 434 atque
610 380 753 421 alienis
778 380 991 421 mensibus
1017 387 1164 430 aestas,

21 442 86 484 bis
111 442 307 498 gravidae
332 442 528 497 pecudes,
556 442 618 483 bis
643 442 776 497 pomis
802 442 913 482 utilis
939 442 1074 484 arbos.

22 511 63 545 at
86 504 256 546 rabidae
280 505 407 560 tigres
433 505 585 546 absunt
611 512 650 545 et
677 519 801 546 saeva
824 505 992 546 leonum

22 566 191 615 semina,
216 581 293 608 nee
316 566 488 608 miseros
514 567 663 607 fallunt
689 566 852 607 aconita
875 566 1065 622 legentis,

19 642 98 670 neo
122 629 230 683 rapit
253 629 478 670 immensos
504 629 624 670 orbes
650 644 724 683 per
749 629 924 669 humum
948 643 1084 682 neque
1108 636 1223 672 tanto

21 704 244 744 squameus
267 690 310 731 in
335 691 488 746 spiram
513 698 647 732 tractu
672 706 715 733 se
741 691 897 745 colligit
922 691 1085 746 anguis.

21 752 128 793 adde
152 760 211 794 tot
236 753 425 808 egregias
451 754 576 795 urbes
602 768 859 808 operumque
883 753 1082 803 laborem,

20 821 80 856 tot
105 824 302 869 congesta
326 830 455 856 manu
479 815 715 871 praeruptis
741 815 897 870 oppida
921 815 1032 856 saxis

19 877 275 930 fluminaque
302 878 492 931 antiquos
518 877 847 919 subterlabentia
872 892 1024 918 muros.

21 953 74 980 an
97 954 223 988 mare,
249 939 361 992 quod
386 955 524 994 supra,
550 954 790 989 memorem,
815 940 1011 993 quodque
1037 939 1167 981 adluit
1191 941 1325 983 infra?

21 1016 127 1042 anne
152 1002 266 1042 lacus
293 1002 455 1042 tantos?
484 1010 538 1051 te,
564 1002 667 1043 Lari
692 1002 885 1052 maxime,
912 1010 1049 1056 teque,

19 1063 214 1104 fluetibus
241 1071 279 1105 et
305 1064 474 1105 fremitu
501 1064 730 1119 adsurgens
756 1065 925 1105 Benace
950 1065 1135 1105 marino?

20 1140 74 1167 an
98 1140 322 1167 memorem
347 1134 490 1181 portus
515 1126 785 1180 Lucrinoque
811 1127 952 1168 addita
977 1128 1157 1169 claustra

20 1195 144 1241 atque
169 1188 430 1243 indignatum
455 1189 618 1244 magnis
644 1188 888 1229 stridoribus
915 1203 1082 1243 aequor,

19 1249 128 1290 Iulia
151 1264 234 1303 qua
257 1258 385 1305 ponto
410 1251 535 1305 longe
561 1258 679 1292 sonat
705 1251 818 1292 unda
841 1251 982 1292 refuso

20 1311 344 1366 Tyrrhenusque
368 1313 483 1354 fretis
509 1313 745 1354 immittitur
769 1321 909 1354 aestus
935 1313 1144 1355 Avernis?

19 1374 122 1417 haec
148 1376 293 1417 eadem
319 1377 479 1432 argenti
503 1377 613 1418 rivos
639 1377 828 1431 aerisque
853 1377 1021 1418 metalla

21 1438 200 1479 ostendit
224 1439 340 1480 venis
367 1447 491 1493 atque
517 1454 617 1481 auro
642 1439 821 1494 plurima
846 1439 977 1479 fluxit.

19 1499 122 1542 haec
145 1516 278 1554 genus
304 1516 397 1543 acre
423 1502 573 1551 virum,
598 1502 765 1543 Marsos
790 1502 1030 1556 pubemque
1059 1500 1273 1544 Sabellam

20 1563 322 1618 adsuetumque
346 1564 456 1605 malo
481 1564 686 1619 Ligurem
709 1564 969 1617 Volscosque
994 1574 1160 1605 verutos

21 1625 176 1674 extulit,
202 1626 305 1668 haec
329 1625 497 1675 Decios,
522 1627 682 1668 Marios
707 1641 966 1681 magnosque
994 1625 1210 1677 Camillos,

21 1685 238 1743 Scipiadas
263 1688 388 1730 duros
413 1689 521 1730 bello
547 1697 587 1731 et
611 1696 664 1738 te,
689 1689 872 1730 maxime
898 1687 1069 1738 Caesar,

21 1750 92 1804 qui
115 1765 226 1792 nunc
251 1752 444 1793 extremis
469 1752 598 1793 Asiae
623 1752 706 1793 iam
731 1752 862 1793 victor
886 1751 929 1792 in
954 1751 1035 1792 oris

20 1811 215 1855 inbellem
239 1814 390 1855 avertis
415 1814 616 1857 Romanis
642 1814 806 1855 arcibus
830 1813 997 1854 Indum.

21 1874 148 1925 salve,
172 1891 326 1931 magna
349 1891 499 1931 parens
523 1877 707 1932 frugum,
735 1875 932 1918 Saturnia
957 1876 1091 1925 tellus,

22 1951 174 1992 magna
198 1938 350 1979 virum:
377 1938 452 1979 tibi
476 1953 541 1980 res
567 1938 761 1992 antiquae
786 1939 921 1979 laudis
947 1946 987 1979 et
1011 1939 1108 1979 artis

21 1998 242 2054 ingredior,
270 2008 433 2043 sanctos
459 2016 584 2042 ausus
608 2001 823 2042 recludere
848 2001 987 2050 fontis,

23 2060 336 2117 Ascraeumque
362 2078 465 2104 cano
491 2063 681 2105 Romana
706 2078 781 2117 per
806 2063 959 2117 oppida
985 2077 1162 2103 carmen.

78 2124 199 2166 Nunc
222 2125 337 2167 locus
363 2141 556 2167 arvorum
580 2126 770 2180 ingeniis,
797 2140 901 2179 quae
927 2126 1076 2165 robora
1101 2126 1264 2178 cuique,

24 2186 116 2241 quis
141 2187 252 2229 color
276 2197 316 2229 et
340 2202 447 2242 quae
472 2189 522 2229 sit
547 2188 671 2229 rebus
696 2196 845 2228 natura
868 2188 1062 2229 ferendis.

26 2249 214 2291 difficiles
238 2250 417 2305 primum
441 2259 573 2292 terrae
600 2250 808 2304 collesque
833 2250 1017 2305 maligni,

24 2312 159 2354 tenuis
184 2312 256 2353 ubi
280 2314 426 2368 argilla
450 2321 490 2354 et
514 2312 697 2354 dumosis
722 2313 905 2353 calculus
930 2312 1053 2361 arvis,

24 2374 215 2415 Palladja
238 2376 421 2430 gaudent
446 2376 550 2417 silva
573 2374 729 2416 vivacis
755 2375 900 2417 olivae.

25 2435 178 2478 indicio
204 2444 265 2478 est
288 2445 421 2479 tractu
446 2453 620 2492 surgens
646 2438 821 2478 oleaster
845 2437 991 2478 eodem

27 2499 228 2554 plurimus
254 2507 294 2540 et
318 2500 434 2541 strati
457 2500 570 2542 bacis
595 2499 851 2541 silvestribus
877 2499 979 2555 agri.

28 2568 70 2602 at
93 2576 199 2615 quae
224 2562 390 2617 pinguis
415 2562 566 2603 humus
593 2562 787 2615 dulcique
812 2561 968 2616 uligine
993 2560 1114 2610 laeta,

29 2623 181 2679 quique
205 2624 400 2679 frequens
424 2625 562 2666 herbis
588 2632 627 2666 et
651 2623 797 2666 fertilis
822 2623 949 2666 ubere
975 2638 1146 2678 campus

1397 450 1460 480 150

1398 761 1459 791 155

1398 1071 1461 1102 160

1397 1384 1459 1414 165

1396 1696 1460 1727 170

1396 2008 1457 2037 175

1396 2320 1459 2350 180

1397 2629 1458 2659 185
