1660 2847
495 149 748 187 AENEIDOS
771 150 867 185 LIB.
895 151 998 187 VIII.

75 263 166 298 tum
190 262 307 311 pater
330 255 554 297 Euandrus
579 255 766 296 dextram
791 254 1033 308 complexus
1059 254 1195 296 euntis

77 319 232 367 haeret,
257 319 488 373 inexpletus
512 317 747 366 lacrimans,
773 331 822 358 ac
844 316 945 372 talia
968 316 1098 357 fatur:

76 384 120 420 ‘o
144 379 244 420 mihi
268 379 509 434 praeteritos
533 378 687 420 referat
711 378 746 419 si
769 378 958 433 Iuppiter
983 393 1126 428 annos,

75 442 208 495 qualis
234 456 359 489 eram,
386 455 479 481 cum
503 440 680 495 primam
704 440 836 482 aciem
859 440 1089 482 Praeneste
1114 440 1192 482 sub
1216 440 1306 496 ipsa

74 503 202 544 stravi
226 509 520 555 scutorumque
544 501 709 543 incendi
734 502 864 543 victor
888 516 1058 543 acervos

75 571 115 606 et
138 579 280 619 regem
303 564 382 605 hac
406 563 584 605 Erulum
608 564 753 605 dextra
778 563 855 604 sub
879 563 1056 605 Tartara
1080 563 1186 614 misi,

73 626 258 667 nascenti
283 626 350 666 cui
373 625 446 666 tris
471 625 630 666 animas
654 626 835 668 Feronia
858 633 991 667 mater

73 687 341 739 <horrendum
365 687 494 740 dictu)
520 687 702 737 dederat,
728 695 844 729 terna
869 703 983 729 arma
1007 688 1214 729 movenda

74 749 152 800 (ter
175 749 283 791 Leto
309 749 553 790 sternendus
578 756 683 798 erat3
709 750 776 791 cui
800 757 888 791 tum
913 756 1053 791 tamen
1078 751 1210 791 omnis

73 811 244 852 abstulit
266 811 369 852 haec
393 811 551 852 animas
578 812 723 853 dextra
748 819 789 853 et
813 812 984 853 totidem
1009 813 1124 854 exuit
1148 813 1307 866 armis):

71 887 155 914 non
179 887 258 928 ego
281 888 393 915 nunc
417 873 528 915 dulci
553 874 748 928 amplexu
772 873 990 916 divellerer
1013 889 1203 928 usquam,

71 941 180 984 nate,
206 942 291 984 ῐυο,
317 950 451 989 neque
475 935 647 976 finitimo
672 935 910 977 Mezentius
935 951 1135 990 umquam

71 996 169 1038 huic
193 997 317 1052 capiti
341 997 544 1038 insultans
568 1004 630 1038 tot
653 997 761 1039 ferro
787 1013 913 1039 saeva
938 998 1120 1040 dedisset

71 1058 232 1108 funera,
257 1066 342 1101 tam
366 1060 506 1101 multis
531 1059 742 1101 viduasset
767 1060 928 1102 civibus
952 1061 1112 1103 urbem.

71 1127 114 1161 at
137 1135 224 1170 vos,
249 1135 273 1162 o
297 1121 449 1176 superi,
475 1128 516 1163 et
539 1121 678 1162 divom
703 1128 748 1162 tu
773 1122 950 1163 maxime
975 1130 1110 1164 rector

70 1182 270 1238 Iuppiter,
295 1183 481 1232 Arcadii,
507 1198 677 1237 quaeso,
701 1183 953 1226 miserescite
977 1185 1088 1240 regis

71 1251 112 1286 et
134 1245 289 1300 patrias
314 1245 454 1287 audite
478 1260 640 1300 preces:
667 1246 701 1287 si
724 1246 895 1287 numina
920 1254 1058 1288 vestra

69 1307 319 1349 incolumem
342 1307 535 1348 Pallanta
558 1307 673 1356 mihi,
699 1307 733 1348 si
756 1307 844 1349 fata
867 1315 1091 1358 reservant,

70 1369 105 1411 si
127 1370 290 1411 visurus
317 1384 412 1410 eum
437 1369 531 1410 vivo
556 1376 597 1410 et
620 1376 820 1411 venturus
844 1370 887 1411 in
912 1386 1057 1419 unum,

69 1431 198 1473 vitam
223 1445 308 1480 oro,
333 1431 467 1486 patior
489 1432 678 1485 quemvis
704 1432 853 1473 durare
879 1432 1077 1473 laborem.

70 1494 134 1535 sin
158 1493 338 1547 aliquem
362 1493 580 1534 infandum
606 1508 761 1543 casum,
785 1495 985 1544 Fortuna,
1011 1494 1194 1544 minaris,

68 1571 193 1606 nunc,
218 1570 328 1597 nunc
353 1570 376 1596 o
400 1556 523 1596 liceat
547 1556 758 1598 crudelem
783 1556 1030 1611 abrumpere
1055 1557 1196 1606 vitam,

70 1619 169 1660 dum
193 1632 316 1659 curae
342 1617 577 1672 ambiguae,
604 1617 700 1658 dum
728 1633 822 1673 spes
847 1618 1005 1660 incerta
1028 1619 1171 1668 futuri,

70 1681 170 1721 dum
193 1687 247 1729 te,
273 1695 366 1721 care
390 1695 505 1735 puer,
531 1695 624 1721 mea
649 1680 738 1722 sola
763 1688 803 1722 et
828 1696 920 1722 sera
944 1681 1149 1736 voluptas,

70 1743 309 1798 complexus
334 1749 467 1790 teneo,
492 1741 658 1797 gravior
681 1757 764 1784 neu
788 1743 957 1784 nuntius
984 1743 1094 1784 auris

69 1805 281 1847 volueret?
327 1804 431 1845 haec
454 1804 617 1858 genitor
641 1804 831 1859 digressu
857 1805 966 1846 dicta
991 1820 1185 1860 supremo

69 1867 284 1915 fundebat,
309 1866 455 1907 famuli
481 1866 723 1920 conlapsum
746 1867 788 1907 in
814 1873 922 1908 tecta
946 1867 1149 1909 ferebant.

125 1930 299 1983 Iamque
325 1928 428 1969 adeo
454 1928 611 1969 exierat
633 1928 761 1982 portis
788 1929 994 1982 equitatus
1021 1929 1187 1985 apertis,

69 1993 237 2033 Aeneas
261 1991 367 2031 inter
392 1991 544 2045 primos
569 1997 609 2031 et
632 1990 740 2031 fidus
766 1991 965 2040 Achates,

69 2054 165 2095 inde
190 2053 258 2094 alii
282 2052 433 2093 Troiae
458 2066 662 2106 proceres,
687 2052 776 2106 ipse
802 2053 967 2107 agmine
991 2053 1133 2095 Pallas

69 2117 112 2158 in
136 2115 284 2164 medio,
310 2114 528 2169 chlamyde
553 2121 593 2156 et
616 2114 736 2169 pictis
762 2123 1006 2170 conspectus
1031 2116 1074 2157 in
1099 2115 1238 2165 armis,

70 2178 204 2233 qualis
228 2177 301 2218 ubi
326 2175 486 2218 Oceani
510 2177 703 2231 perfusus
728 2177 902 2219 Lucifer
926 2178 1052 2227 unda,

69 2255 194 2294 quem
216 2240 360 2282 Venus
386 2246 480 2280 ante
506 2238 607 2280 alios
633 2246 835 2280 astrorum
861 2239 996 2295 diligit
1019 2240 1143 2295 ignis,

71 2302 217 2344 extulit
241 2315 286 2342 os
312 2315 476 2342 sacrum
501 2301 615 2342 caelo
640 2301 915 2355 tenebrasque
938 2303 1121 2344 resolvit.

70 2372 179 2406 stant
203 2363 378 2419 pavidae
401 2363 443 2405 in
467 2363 596 2404 muris
621 2370 772 2405 matres
798 2364 1012 2418 oculisque
1037 2371 1268 2418 sequuntur

70 2427 312 2482 pulveream
337 2425 491 2468 nubem
516 2432 557 2468 et
580 2425 779 2480 fulgentis
803 2441 897 2468 aere
922 2434 1119 2469 catervas.

71 2488 140 2530 olli
164 2503 237 2543 per
262 2488 423 2537 dumos,
448 2502 531 2541 qua
554 2488 744 2542 proxima
768 2496 877 2530 meta
903 2489 1076 2539 viarum,

71 2550 218 2592 armati
242 2549 436 2598 tendunt3
460 2550 493 2590 it
518 2550 673 2591 clamor
697 2557 737 2592 et
762 2550 928 2605 agmine
952 2551 1062 2592 facto

1335 143 1417 185 249

72 2611 415 2668 quadrupedante
438 2619 601 2667 putrem
626 2612 763 2654 sonitu
787 2612 920 2667 quatit
944 2614 1103 2669 ungula
1128 2628 1334 2669 campum.

1444 389 1508 420 560

1443 698 1507 729 565

1443 1009 1508 1040 570

1442 1320 1505 1351 575

1441 1631 1506 1661 580

1439 1941 1503 1972 585

1438 2251 1503 2283 590

1438 2563 1501 2595 595
