1628 2847
216 153 301 200 340
626 163 666 200 Ρ.
693 163 901 201 VERGILI
926 164 1152 203 MARONIS

216 270 431 312 involvens
456 284 616 312 secum:
642 269 814 312 disiecta
836 285 910 325 per
935 271 1103 326 agmina
1125 271 1295 313 Turnus

128 344 192 376 690
217 334 275 375 sic
300 333 413 374 urbis
438 332 520 373 ruit
544 331 597 373 ad
622 347 776 382 muros,
802 333 875 374 ubi
899 333 1079 388 plurima
1102 333 1195 374 fuso

218 396 421 450 sanguine
445 401 554 436 terra
580 394 719 436 madet
743 394 1006 448 striduntque
1030 395 1246 437 hastilibus
1272 410 1411 446 aurae,

218 458 506 513 significatque
530 471 657 498 manu
682 464 722 499 et
745 471 900 512 magno
924 457 1046 498 simul
1070 458 1214 513 incipit
1238 472 1326 499 ore:

217 520 391 576 ‘parcite
415 520 511 568 iam,
537 518 696 566 Rutuli,
721 526 763 560 et
787 533 860 560 vos
885 519 967 561 tela
991 519 1188 570 inhibete,
1213 519 1376 561 Latini:

217 595 506 638 quaecumque
530 588 592 623 est
616 581 817 631 Fortuna,
841 596 935 623 mea
959 588 1039 631 est3
1064 597 1130 624 me
1154 582 1293 625 verius
1317 597 1450 625 unum

128 657 192 689 695
216 660 291 702 pro
315 644 434 686 vobis
457 643 606 685 foedus
630 643 744 686 luere
770 651 811 686 et
835 644 1057 686 decernere
1081 644 1218 686 ferro.'

220 708 447 749 discessere
473 720 616 748 omnes
640 706 764 748 medii
790 706 1055 762 spatiumque
1080 707 1244 750 dedere.

273 771 334 811 At
357 775 476 824 pater
501 769 670 810 Aeneas
695 768 837 810 audito
862 769 1029 811 nomine
1053 769 1186 810 Turni

218 832 369 874 deserit
393 838 435 873 et
459 845 598 872 muros
624 838 666 873 et
689 846 872 873 summas
900 831 1052 874 deserit
1075 846 1190 874 arces

217 893 545 951 praecipitatque
570 907 706 935 moras
731 894 878 943 omnis,
904 908 1031 949 opera
1055 894 1194 936 omnia
1217 893 1385 949 rumpit,

130 970 193 1002 700
218 957 375 1000 laetitia
399 956 604 1006 exultans,
630 956 967 1009 horrendumque
991 956 1152 998 intonat
1175 957 1314 1005 armis,

217 1026 398 1075 quantus
422 1018 560 1060 Athos
585 1025 657 1059 aut
681 1025 861 1073 quantus
886 1017 1004 1074 Eryx
1029 1026 1101 1060 aut
1124 1019 1226 1074 ipse,
1252 1018 1435 1061 coruscis

220 1097 315 1124 cum
340 1080 477 1122 fremit
501 1080 679 1129 ilicibus,
704 1087 900 1134 quantus,
925 1081 1164 1136 gaudetque
1188 1081 1314 1122 nivali

218 1143 372 1186 vertice
397 1157 441 1184 se
466 1143 656 1183 attollens
681 1150 798 1197 pater
823 1143 1101 1198 Appenninus
1127 1143 1179 1184 ad
1205 1158 1341 1186 auras.

218 1207 301 1248 iam
325 1219 424 1248 vero
450 1212 490 1247 et
514 1205 663 1247 Rutuli
687 1205 874 1246 certatim
900 1212 941 1246 et
964 1205 1096 1247 Troes
1121 1211 1163 1247 et
1187 1219 1330 1248 omnes

130 1281 194 1313 705
220 1274 460 1312 convertere
484 1268 626 1309 oculos
651 1267 760 1317 Itali,
787 1268 943 1322 quique
968 1268 1051 1309 alta
1078 1268 1276 1310 tenebant

218 1331 383 1374 moenia
407 1329 561 1385 quique
586 1330 691 1370 imos
716 1330 940 1384 pulsabant
966 1329 1092 1372 ariete
1118 1344 1272 1379 muros,

220 1408 418 1448 armaque
443 1392 672 1448 deposuere
698 1392 865 1434 umeris.
914 1399 1053 1448 stupet
1074 1392 1164 1447 ipse
1188 1393 1367 1435 Latinus

219 1456 413 1512 ingentis,
438 1455 601 1510 genitos
628 1455 800 1496 diversis
825 1455 1013 1510 partibus
1038 1455 1165 1505 orbis,

219 1520 325 1562 inter
350 1533 394 1560 se
419 1518 566 1559 coiisse
592 1517 701 1559 viros
727 1524 766 1559 et
793 1532 961 1560 cernere
984 1516 1108 1559 ferro.

131 1596 195 1628 7ιο
219 1590 343 1637 atque
368 1581 439 1630 illi,
464 1587 511 1622 ut
535 1595 668 1622 vacuo
695 1587 920 1636 patuerunt
944 1595 1124 1635 aequore
1149 1579 1299 1635 campi,

219 1659 422 1701 procursu
446 1643 605 1699 rapido,
637 1643 832 1685 coniectis
859 1643 1019 1685 eminus
1045 1642 1187 1692 hastis,

220 1707 425 1749 invadunt
449 1705 633 1747 Martem
659 1705 801 1761 clipeis
827 1712 951 1760 atque
976 1720 1071 1746 aere
1097 1718 1258 1746 sonoro.

220 1771 290 1812 dat
315 1769 519 1824 gemitum
543 1768 684 1817 tellus3
711 1775 800 1809 tum
824 1768 991 1809 crebros
1017 1767 1185 1809 ensibus
1209 1767 1316 1808 ictus

220 1831 532 1888 congeminant3
558 1830 643 1871 fors
668 1837 709 1872 et
734 1830 863 1871 virtus
889 1830 1114 1871 miscentur
1137 1829 1180 1870 in
1204 1843 1350 1871 unum.

130 1907 194 1940 715
221 1910 270 1937 ac
293 1894 408 1936 velut
430 1892 590 1947 ingenti
617 1891 705 1934 Sila
730 1906 945 1933 summove
969 1891 1170 1933 Taburno

219 1973 315 2001 cum
340 1956 423 1997 duo
449 1955 657 1997 conversis
682 1954 851 1996 inimica
874 1954 917 1995 in
941 1954 1100 2009 proelia
1123 1952 1230 1995 tauri

220 2019 426 2062 frontibus
451 2019 683 2066 incurrunt3
710 2017 851 2072 pavidi
876 2031 1034 2058 cessere
1059 2015 1265 2070 magistri3

221 2090 301 2126 stat
323 2097 451 2138 pecus
476 2095 598 2122 omne
623 2086 737 2122 metu
762 2086 922 2121 mutum
949 2086 1221 2133 mussantque
1245 2077 1459 2126 iuvencae,

222 2146 314 2201 quis
339 2144 497 2186 nemori
521 2143 742 2198 imperitet,
767 2156 893 2196 quem
917 2148 1004 2183 tota
1028 2147 1216 2182 armenta
1241 2146 1489 2195 sequantur3

133 2222 197 2254 720
220 2209 280 2251 illi
304 2209 409 2250 inter
434 2221 523 2249 sese
547 2206 679 2247 multa
702 2206 743 2246 vi
768 2206 941 2246 vulnera
966 2204 1140 2245 miscent

223 2284 462 2324 cornuaque
486 2269 628 2311 obnixi
652 2268 831 2323 infigunt
855 2274 896 2309 et
921 2266 1123 2322 sanguine
1148 2266 1265 2321 largo

223 2334 330 2377 colla
355 2346 573 2385 armosque
598 2331 759 2380 lavant,
786 2330 943 2385 gemitu
969 2343 1115 2370 nemus
1140 2342 1263 2370 omne
1287 2326 1486 2382 remugit:

223 2411 306 2439 non
331 2396 449 2437 aliter
472 2394 579 2435 Tros
605 2396 773 2435 Aeneas
798 2399 841 2435 et
864 2391 1059 2434 Daunius
1084 2390 1205 2433 heros

223 2464 474 2502 concurrunt.
498 2457 639 2512 clipeis
648 2473 658 2506 3
683 2456 831 2511 ingens
855 2455 997 2510 fragor
1022 2453 1190 2496 aethera
1215 2452 1406 2508 complet.

135 2535 198 2567 725
222 2521 411 2578 Iuppiter
435 2520 523 2575 ipse
549 2520 653 2560 duas
679 2525 857 2572 aequato
883 2517 1073 2560 examine
1096 2516 1237 2557 lances

224 2585 399 2628 sustinet
424 2590 465 2625 et
488 2583 573 2623 fata
598 2582 756 2637 inponit
782 2581 946 2622 diversa
970 2579 1160 2627 duorum,

225 2662 348 2705 quem
374 2646 542 2689 damnet
566 2645 684 2688 labor
708 2651 749 2686 et
773 2658 855 2700 quo
879 2649 1023 2699 vergat
1049 2640 1232 2699 pondere
1257 2640 1398 2682 letum,
