1654 2837
71 114 155 147 XVI

69 194 212 229 omm'no
248 194 360 230 libros
396 198 541 240 poetam
574 195 773 230 Octaviano

69 240 242 274 recitasse
259 244 396 274 certum
413 244 479 282 cst,
503 241 591 274 item
608 246 772 285 quartum

70 288 106 319 et
132 288 271 319 sextum
297 285 409 320 lectos
437 296 515 320 esse
547 286 774 320 consentiunt

69 333 234 364 auctores
247 331 288 364 58.
320 334 465 375 praeter
493 331 556 365 hos
581 330 773 365 Caesarem

70 374 260 410 Suetonius
288 376 500 418 seeundum,
531 376 676 410 Servius
704 380 771 410 ter-

68 420 174 462 tium,
203 420 234 454 is
257 421 318 465 qui
341 420 457 455 Servii
480 421 772 455 commentarium

68 466 250 511 supplevit
266 467 420 511 primum
437 467 581 500 audisse
599 466 699 500 dixit.
732 478 772 500 ex

67 511 124 544 his
141 511 354 545 testimoniis
370 511 402 545 ei
416 512 510 556 quod
525 515 682 545 extremo
695 512 772 546 loco

67 556 199 601 protuli
222 556 313 590 fides
330 556 473 590 videtur
496 557 666 591 habenda
682 568 770 591 0330.

67 613 151 635 nam
180 601 285 645 primi
318 602 400 635 libri
431 613 554 635 versus
583 602 773 636 254-296

67 646 214 681 Caesari
238 647 471 691 pronuntiare
491 651 664 691 quantum
688 658 771 692 poe-

66 695 125 726 tae
156 691 361 725 interfuerit
389 691 496 726 facilc
531 692 770 738 intellegitur:

68 740 192 771 contra
219 737 324 770 valde
354 737 565 782 ambiguum
594 741 659 781 est,
688 749 772 771 num

66 782 244 817 secundus
261 783 424 827 Vergilio
448 783 579 828 dignus
600 783 697 816 visus
726 782 773 816 sit

66 828 129 874 qui
160 827 359 873 legeretur,
391 839 502 861 unum
531 832 627 862 certe
655 828 770 863 locum

65 872 136 918 ipsi
153 873 244 907 adeo
262 872 490 918 displicuisse
502 873 716 914 videbimus,
733 878 773 907 ut

66 918 206 952 deleret
244 919 340 963 quod
375 918 529 962 primum
566 919 771 964 scripserat,

65 963 208 1008 aptiora
230 963 324 997 inter
341 964 605 998 emendandum
628 964 770 1009 supple-

64 1012 183 1043 turus:
222 1019 292 1052 quo
331 1008 467 1043 fact-um
506 1013 576 1051 cst,
613 1013 654 1043 ut
693 1021 771 1044 cum

66 1055 234 1088 ederetur
264 1054 399 1088 Aeneis
432 1055 580 1088 secundi
612 1055 696 1089 libri
727 1066 771 1089 ne

65 1100 218 1134 materia
232 1099 379 1143 quidem
392 1101 556 1144 perfecta
570 1103 674 1134 esset.
691 1111 770 1134 eum

66 1145 100 1179 01
132 1145 194 1189 qui
231 1144 444 1179 Servianum
477 1146 771 1179 commentarium

65 1190 165 1224 auxit
186 1190 323 1224 Donati
347 1195 548 1224 commenta
565 1191 612 1224 ad
628 1202 772 1224 manum

64 1235 177 1270 fuisse
195 1235 383 1280 probabile
401 1235 496 1277 sits’f‘,
521 1236 617 1269 haud
635 1236 709 1270 scio
727 1247 771 1269 an

66 1281 143 1314 cius
166 1281 380 1315 auctoritate
399 1281 510 1315 nostri
530 1282 772 1315 Suetonianae

65 1326 162 1360 vitae
185 1326 268 1360 libri
298 1326 502 1370 corrigendi
527 1326 611 1360 sint.
636 1347 680 1351 —
703 1338 773 1371 quo

64 1374 225 1416 tempore
257 1371 333 1405 fere
366 1372 550 1416 Vergilius
588 1375 661 1406 tres
693 1372 772 1405 illos

65 1417 177 1452 libros
194 1417 336 1462 legerit,
356 1417 422 1450 etsi
436 1428 506 1450 non
520 1421 646 1462 aperte
662 1417 772 1451 tradi-

65 1466 142 1496 tum
159 1465 223 1505 est,
246 1463 304 1496 vix
326 1466 448 1496 tamen
465 1466 585 1507 potest
602 1462 770 1496 dubitari.

65 1519 149 1542 nam
172 1518 194 1541 a
217 1506 433 1542 Cantabrico
462 1508 557 1542 bello
586 1519 679 1541 anno
709 1509 775 1542 730

65 1554 255 1599 Augustus
271 1553 309 1586 in
324 1554 451 1587 urbem
466 1553 586 1598 rediit,
601 1564 694 1588 anno
708 1554 727 1587 7
730 1555 773 1587 3⁵2

100 1668 132 1695 58
152 1668 274 1694 Sueten.
299 1676 327 1700 p.
346 1670 387 1700 61,
414 1670 445 1694 17
465 1670 500 1694 R.
528 1667 592 1694 ‘cui
618 1668 773 1700 (Augusto)

64 1704 165 1728 tamen
179 1703 271 1728 multo
285 1705 350 1734 post
368 1704 556 1734 perfectaque
578 1703 694 1727 demum
715 1710 773 1728 ma-

65 1738 141 1762 teria
160 1739 220 1762 tres
240 1738 360 1762 omnino
382 1738 474 1762 libros
493 1737 643 1768 recitavit,
670 1744 771 1761 secun-

67 1771 136 1796 (111111
161 1774 297 1802 quartum
323 1773 447 1803 sextum,
473 1771 525 1796 sed
551 1771 629 1795 hune
649 1771 772 1795 notabili

67 1805 207 1830 Octaviae
227 1806 404 1835 adfectione,
425 1812 499 1836 quae
519 1813 584 1830 cum
604 1805 773 1829 recitationi

66 1841 232 1870 interesset,
252 1840 288 1863 ad
307 1839 375 1863 illos
394 1839 430 1864 de
449 1839 511 1864 filio
531 1846 582 1864 suo
596 1846 698 1864 versus
718 1838 774 1864 “tu

65 1874 224 1898 Marcellus
235 1874 311 1898 eris''
327 1873 470 1898 defecisse
483 1874 574 1898 fertur
587 1875 674 1904 atque
687 1880 774 1904 aegre

68 1908 200 1932 t'eeillata
213 1907 274 1931 est.'
295 1907 377 1938 Serv.
387 1907 525 1934 A.1v323
540 1907 663 1932 ‘dicitur
675 1910 773 1932 autem

67 1942 180 1973 ingenti
205 1941 322 1966 adfectu
347 1942 399 1966 1103
423 1949 525 1966 versus
555 1942 773 1972 pronuntiasse,

67 1982 134 2000 eum
147 1975 285 2006 privatim
299 1976 399 2006 paucis
414 1977 618 2006 praesentibus
635 1976 774 2000 recitaret

66 2010 214 2041 Augusto:
240 2016 308 2034 nam
330 2010 466 2034 recitavit
490 2017 563 2034 voce
588 2010 699 2040 optima
717 2010 774 2040 pri-

67 2051 147 2068 mum
162 2043 255 2068 libros
268 2044 386 2068 tertium
403 2046 431 2068 et
444 2044 594 2075 quartum'
613 2043 654 2075 (n.
669 2051 692 2068 r.
705 2051 732 2068 v.
747 2051 773 2068 0.

66 2078 119 2104 1V.
132 2078 156 2102 Ι.
171 2078 221 2103 VI.
241 2077 313 2102 Flor.
329 2077 354 2101 et
373 2077 454 2102 Rern.
470 2077 540 2110 167).
560 2079 594 2102 A.
608 2078 649 2103 VI
662 2079 709 2103 Stil
731 2077 775 2102 ‘et

68 2113 184 2136 constat
202 2111 281 2136 hunc
299 2111 408 2136 librum
428 2114 512 2136 tanta
532 2112 774 2143 pronuntiatione

67 2146 200 2177 Augusto
226 2147 255 2170 et
279 2146 420 2170 Octaviae
445 2147 616 2175 recitatum,
649 2148 681 2170 ut
706 2146 774 2171 fletu

68 2180 162 2205 nimio
181 2180 361 2210 imperarent
375 2180 535 2210 silentium,
554 2181 613 2204 11131
626 2180 774 2210 Vergilius

68 2214 157 2239 finem
183 2220 246 2238 esse
272 2214 413 2238 1111113301.Ἷ
445 2218 555 2244 quanta
583 2216 679 2238 autem
712 2217 774 2238 arte

66 2247 217 2280 Vergilius
236 2247 350 2279 legerit,
372 2247 531 2272 Suetonius
552 2248 595 2272 his
614 2248 713 2273 verbis
726 2255 773 2272 ox-

69 2282 165 2313 posuit
179 2280 217 2313 (p.
231 2283 272 2313 61,
285 2280 328 2312 4):
350 2281 577 2312 ‘pronuntiabat
596 2283 694 2307 antem
709 2289 773 2306 cuin

67 2316 212 2341 suavitate
232 2318 295 2340 tum
314 2315 474 2340 lenociniis
494 2317 586 2340 miris.
613 2318 641 2340 et
661 2316 775 2340 Seneca

68 2350 199 2381 tradidit,
214 2349 323 2374 Iulium
337 2350 511 2374 Montanum
525 2351 642 2381 poetam
655 2350 774 2374 solitum

68 2384 177 2415 (licere,
204 2383 405 2409 involaturum
425 2391 456 2409 se
471 2384 603 2413 Vergilio
621 2384 775 2415 quaedam,

68 2419 93 2442 si
109 2419 138 2443 et
150 2424 254 2443 vocem
268 2420 366 2449 posset
380 2420 409 2443 et
422 2425 453 2442 os
468 2420 497 2443 et
511 2418 698 2450 hypocrisin:
714 2425 774 2442 eos-

69 2452 136 2477 dem
156 2453 236 2477 enim
261 2459 364 2476 versus
388 2453 452 2482 ipso
471 2453 681 2483 pronuntiante
701 2451 776 2476 bene

68 2493 183 2517 sonare,
199 2487 264 2511 sine
278 2486 329 2510 illo
344 2487 447 2511 inanes
461 2493 524 2510 csse
539 2486 713 2516 mutesque.⁷

102 2521 134 2545 59
148 2520 336 2551 cf.p1·aefatio
350 2527 416 2545 inea
433 2520 469 2544 ad
478 2520 614 2545 Servium
626 2520 725 2550 p.XXI
734 2527 775 2550 sq.

69 2555 144 2579 addo
159 2554 275 2579 decimo
290 2555 378 2578 etiam
392 2554 511 2578 saeculo
525 2554 556 2578 in
571 2554 607 2578 iis
624 2554 708 2585 locis,
726 2554 776 2578 ubi

70 2589 163 2614 nostri
183 2588 326 2619 plenioris
348 2589 554 2613 commentarii
580 2588 650 2612 libri
674 2588 776 2618 scripti

69 2622 261 2654 sunt‚Donati
272 2623 518 2648 commentarium
529 2623 661 2648 extitisse
671 2622 776 2648 videri.

71 2657 106 2682 cf.
121 2664 147 2689 p.
162 2657 214 2683 XV
228 2657 328 2682 adnot.
342 2659 366 2682 1.

317 123 372 152 DE
390 122 485 150 VITA
504 121 826 154 GARMNIBUSQUE
845 122 1025 150 VERGILH
1041 122 1247 150 PROLUSIO.

800 197 951 230 exeunte
981 195 1021 229 in
1052 196 1227 231 orientem
1265 206 1304 230 se
1342 194 1503 240 eontulit,

799 240 893 274 unde
907 251 1000 274 anno
1009 241 1074 276 735
1088 242 1231 276 demum
1244 244 1382 275 mortuo
1396 244 1504 286 poeta

799 296 960 320 reversus
973 289 1036 320 est..
1053 287 1214 320 ordinem
1223 288 1344 321 autem
1358 285 1505 331 legendi

801 341 881 365 eum
903 330 1014 364 fuisse
1038 332 1113 365 veri
1138 331 1254 366 simile
1278 335 1348 375 est,
1370 335 1411 365 ut
1432 331 1503 376 pri-

800 387 896 409 mum
912 375 996 410 libri
1020 377 1155 420 primus
1180 380 1217 411 et
1238 380 1399 422 quartus,
1437 378 1506 410 ›ost

799 421 864 455 hos
881 424 1000 454 sextus
1016 422 1244 465 recitaretur,
1262 422 1299 456 id
1313 422 1408 467 quod
1451 431 1504 455 01·-

800 466 878 499 vius
901 465 1011 500 etiam
1034 467 1131 511 apud
1160 473 1323 501 auctores
1346 477 1430 501 suos
1450 466 1504 500 in-

800 510 939 545 venisse
956 511 1109 545 videtur.

844 556 963 590 ‘Anno
987 557 1116 590 aetatis
1134 557 1433 602 quinquagesimo
1450 567 1504 591 se-

800 601 916 634 cundo
926 602 1156 646 impositurus
1165 603 1317 636 Aeneidi
1329 612 1505 636 summam

800 657 943 680 manum
971 647 1096 680 statuit
1124 647 1160 681 in
1184 646 1376 682 Graeciam
1405 652 1441 681 et
1466 648 1504 680 in

800 691 925 725 Asiam
960 692 1129 727 secedere
1162 693 1388 737 triennioque
1422 702 1504 726 con-

798 737 898 770 tinuo
911 736 1001 770 nihil
1014 737 1167 782 amplius
1177 747 1286 782 quam
1300 737 1503 772 emendare.

800 785 925 827 egerat
942 792 1021 815 cum
1035 782 1156 826 Vario,
1175 783 1383 828 priusquam
1398 782 1506 816 Italia

800 827 1003 871 decederet,
1019 831 1060 861 ut
1077 827 1106 861 si
1122 829 1208 872 qnid
1225 829 1295 862 sibi
1311 828 1506 862 accidisset

801 872 964 907 Aeneida
987 873 1230 913 combureret:
1255 874 1319 907 sed
1340 873 1371 907 is
1389 872 1504 907 factu-

800 929 875 951 rum
884 929 921 951 30
930 922 1159 962 pernegarat.
1172 919 1284 964 igitur
1296 918 1333 952 in
1347 921 1506 952 extrema

798 963 1005 997 valetudine
1023 964 1165 997 assidue
1179 963 1311 998 scrinia
1325 963 1506 998 desidera-

799 1009 850 1042 vit
867 1012 1088 1042 crematurus
1106 1009 1199 1053 ipse:
1222 1020 1346 1043 verum
1363 1008 1505 1042 nemine

800 1053 973 1088 offerente
1002 1054 1092 1087 nihil
1122 1054 1269 1097 quidem
1296 1054 1507 1088 nominatim

799 1099 844 1133 de
869 1110 912 1133 ea
935 1099 1047 1142 cavit,
1072 1103 1231 1133 ceterum
1255 1099 1372 1133 eidem
1395 1098 1506 1133 Vario

800 1156 842 1177 ac
859 1144 963 1178 simul
981 1144 1127 1179 Tuecae
1145 1145 1281 1189 scripta
1298 1156 1364 1178 sua
1380 1144 1446 1178 sub
1464 1155 1508 1178 ea

800 1190 1011 1223 condicione
1028 1190 1175 1235 legavit,
1194 1200 1239 1223 ne
1253 1190 1340 1233 quid
1356 1189 1506 1223 ederent

800 1235 896 1278 quod
918 1245 989 1268 non
1007 1246 1028 1268 a
1045 1246 1082 1268 se
1101 1235 1237 1269 editum
1261 1238 1366 1268 essct.
1393 1234 1508 1268 edidit

800 1284 920 1314 autem
955 1284 1100 1314 auctore
1134 1280 1300 1324 Augusto
1329 1279 1462 1314 Varius
1475 1281 1508 1304 ⁶0

801 1325 864 1359 sed
893 1325 1098 1359 summatim
1127 1326 1336 1368 emendata,
1371 1328 1411 1358 ut
1444 1325 1507 1368 qui

801 1381 922 1404 versus
939 1370 1048 1404 etiam
1062 1371 1281 1415 inperfectos
1296 1370 1389 1404 sieut
1406 1373 1508 1404 erant

800 1415 1010 1459 reliquerit.'
1036 1427 1078 1450 ex
1095 1416 1161 1459 his,
1179 1426 1272 1461 quae
1290 1426 1369 1450 cum
1387 1415 1508 1449 omnia

802 1461 963 1495 Suetonii
986 1472 1064 1495 0330
1081 1461 1272 1496 videantur
1295 1461 1342 1495 ad
1358 1460 1508 1496 verbum

801 1506 986 1551 descripsi,
1005 1506 1163 1540 efficitur
1176 1506 1389 1552 Vergilium,
1407 1509 1507 1540 ante-

801 1562 908 1595 quam
920 1552 1228 1595 ederetAeneida,
1238 1552 1375 1586 multa
1389 1562 1507 1586 emen—

801 1600 966 1632 daturum
976 1597 1253 1640 fuisse,Varium
1264 1599 1384 1631 autem
1391 1607 1509 1642 pauca

801 1644 994 1677 mutassem
1019 1653 1136 1686 neque
1164 1643 1362 1687 quidquam
1379 1644 1423 1676 de
1444 1653 1508 1676 suo

801 1689 995 1723 addidisse.
1024 1698 1117 1732 quae
1135 1688 1197 1721 alii
1217 1686 1445 1733 grammatici
1463 1687 1508 1722 de

800 1733 1000 1768 rationibus
1029 1734 1105 1767 01113
1132 1733 1370 1778 prodiderunt
1391 1733 1508 1778 plera-

801 1791 870 1824 que
892 1779 950 1813 vel
972 1778 1108 1812 futtilia
1132 1782 1214 1812 sunt
1236 1779 1292 1812 vel
1320 1781 1416 1813 certe
1443 1778 1507 1812 ad.-

801 1825 945 1859 modum
969 1824 1091 1858 dubia.
1117 1823 1229 1858 veluti
1252 1834 1323 1857 non
1354 1827 1408 1858 est
1435 1823 1508 1858 fide

802 1871 950 1915 dignum
996 1870 1092 1913 quod
1138 1869 1331 1903 Suetonius
1381 1868 1510 1903 Nisum

802 1915 1076 1961 grammaticum
1112 1926 1134 1948 a
1172 1914 1374 1949 senioribus
1408 1913 1508 1948 audi-

800 1962 892 1995 visse
921 1960 1097 2003 narravit,
1127 1959 1278 1994 Varium
1312 1960 1510 1994 secundum

802 2007 932 2040 librum
945 2005 981 2039 in
995 2005 1161 2050 primum,
1175 2005 1318 2039 tertium
1333 2004 1371 2038 in
1384 2015 1508 2040 secun-

801 2053 902 2095 dnm,
943 2051 1097 2095 primum
1135 2051 1170 2084 in
1209 2049 1355 2084 tertium
1392 2050 1510 2084 locum

801 2097 1025 2131 transtulisse
1034 2098 1065 2121 <52
1083 2099 1119 2130 et
1136 2095 1243 2141 primi
1264 2094 1350 2130 libri
1366 2094 1510 2129 initium

835 2179 867 2204 60
887 2178 924 2203 cf.
938 2177 1155 2203 Plin.n.h.VII
1168 2177 1218 2202 114
1239 2175 1347 2201 ‘Divus
1361 2175 1510 2208 Augustus

802 2213 934 2237 carmina
946 2212 1071 2243 Vergilii
1087 2211 1211 2235 cremari
1226 2213 1329 2235 contra
1341 2211 1511 2235 testamenti

802 2248 863 2272 eius
878 2247 1087 2271 verecundiam
1101 2246 1203 2275 vetuit,
1223 2245 1376 2275 maiusque
1395 2245 1437 2270 ita
1449 2245 1511 2269 vati

802 2281 1005 2305 testimoninm
1020 2280 1151 2311 contigit,
1165 2285 1252 2311 quam
1266 2279 1291 2303 si
1304 2279 1367 2310 ipse
1380 2285 1434 2304 sua
1444 2285 1510 2310 pro-

803 2314 949 2340 inivisset!

835 2351 866 2374 61
886 2350 950 2374 Hoc
963 2348 1093 2373 voluisse
1107 2347 1292 2377 Suetonium,
1308 2353 1375 2372 cum
1388 2346 1510 2372 Varium

802 2383 937 2407 Aeneida
961 2382 1170 2407 summatim
1195 2381 1368 2406 emendasse
1389 2381 1509 2411 diceret,

804 2418 870 2442 Div.
879 2417 952 2448 Aug.
966 2417 1000 2442 85
1013 2416 1187 2447 ostenditur,
1203 2422 1259 2446 quo
1273 2415 1338 2440 loco
1353 2414 1511 2440 Caesarem

804 2451 896 2476 multa
914 2458 1001 2482 prosa
1021 2451 1155 2475 oratione
1179 2449 1393 2480 composuisse,
1418 2448 1511 2479 poeti-

804 2493 867 2510 eam
886 2485 1094 2509 summatim
1115 2484 1248 2515 attigisse
1268 2483 1426 2508 Suetonius
1446 2489 1512 2506 nar-

805 2520 893 2544 ravit:
907 2525 975 2543 nam
990 2525 1079 2543 unum
1094 2518 1202 2543 librum
1216 2519 1317 2542 extare
1331 2517 1512 2541 hexametris

804 2553 936 2578 versibus
956 2553 1096 2583 scriptum
1118 2554 1147 2577 et
1165 2551 1291 2576 alterum
1311 2557 1403 2582 aeque
1418 2549 1512 2575 modi-

805 2595 869 2612 cum
884 2588 1149 2618 Epigrammatnm.

837 2623 869 2646 (32
889 2622 925 2646 de
945 2621 1080 2646 Suetonii
1099 2620 1198 2645 verbis
1217 2618 1256 2652 (p.
1270 2619 1312 2650 64,
1331 2619 1363 2644 14
1376 2616 1424 2650 R.)
1443 2625 1512 2643 con-

804 2655 960 2682 stituendis
980 2657 1060 2681 recte
1083 2655 1230 2680 iudicasse
1254 2653 1373 2681 videtur
1390 2652 1513 2678 Reiffer-
