1660 2847
96 444 159 475 100

94 755 155 785 105

92 1065 154 1096 110

90 1378 151 1408 115

89 1691 151 1722 120

90 2316 153 2347 130

90 2628 153 2659 135

189 134 270 177 170
603 144 646 178 Ρ.
667 143 877 180 VERGILI
903 144 1127 180 MARONIS

185 252 327 300 totque
353 262 460 297 sues,
486 247 659 289 totidem
683 248 885 303 nigrantis
911 254 1029 302 terga
1052 248 1269 298 iuvencos3

185 309 365 363 vinaque
390 309 592 351 fundebat
615 311 768 365 pateris
795 310 1060 364 animamque
1086 310 1264 352 vocabat

184 372 397 414 Anchisae
421 372 563 427 magni
586 373 804 426 manisque
831 372 1071 414 Acheronte
1095 373 1301 414 remissos.

182 448 259 475 nec
283 449 367 475 non
392 441 433 475 et
457 434 568 483 socii,
593 448 700 488 quae
726 435 876 489 cuique
901 442 962 476 est
987 435 1118 490 copia,
1143 436 1240 476 laeti

184 496 293 536 dona
316 496 468 545 ferunt,
495 504 667 538 onerant
692 512 784 537 aras
811 504 1077 551 mactantque
1102 498 1318 546 iuvencos;

183 558 324 599 ordine
352 573 455 599 aena
478 558 619 599 locant
643 559 712 600 alii
739 559 903 612 fusique
928 574 1002 614 per
1027 560 1199 600 herbam

183 620 393 661 subiciunt
416 621 584 661 veribus
608 636 764 675 prunas
790 629 831 662 et
855 621 1015 663 viscera
1039 628 1208 662 torrent.

238 682 473 737 Expectata
497 682 584 723 dies
610 683 754 724 aderat
777 697 1013 737 nonamque
1039 699 1184 725 serena

181 745 391 785 Auroram
416 744 690 786 Phaethontis
716 745 813 799 equi
836 745 918 786 iam
943 746 1035 787 luce
1062 745 1281 795 vehebant,

180 807 375 860 famaque
400 807 597 848 finitimos
623 815 664 848 et
690 807 790 848 clari
816 822 967 848 nomen
992 808 1175 849 Acestae

183 869 380 917 excierat3
405 868 514 910 laeto
540 869 805 923 complebant
828 869 949 910 litora
973 877 1107 918 coetu,

181 930 309 971 visuri
335 931 572 978 Aeneadas,
599 945 694 985 pars
720 937 761 971 et
785 938 943 971 certare
968 931 1113 985 parati.

180 1007 354 1033 munera
378 992 580 1046 principio
606 1000 701 1033 ante
726 993 868 1033 oculos
895 993 1086 1046 circoque
1111 992 1300 1033 locantur

178 1055 222 1095 in
247 1054 397 1103 medio,
424 1055 529 1095 sacri
555 1053 738 1109 tripodes
764 1054 1001 1108 viridesque
1027 1069 1202 1096 coronae

180 1124 221 1158 et
244 1118 408 1171 palmae
433 1117 613 1171 pretium
638 1116 878 1164 victoribus,
905 1131 1103 1170 armaque
1128 1124 1167 1158 et
1193 1124 1304 1158 ostro

178 1180 372 1234 perfusae
398 1186 548 1228 vestes,
575 1179 735 1234 argenti
762 1180 934 1233 aurique
961 1180 1134 1229 talenta3

178 1249 220 1284 et
243 1242 345 1283 tuba
369 1242 610 1283 commissos
637 1242 773 1283 medio
800 1242 911 1282 canit
935 1257 1088 1297 aggere
1113 1241 1247 1282 ludos.

178 1304 311 1360 prima
336 1319 456 1359 pares
481 1303 627 1345 ineunt
651 1304 851 1358 gravibus
876 1304 1104 1345 certamina
1128 1304 1252 1345 remis

177 1374 373 1421 quattuor
397 1383 449 1409 ex
474 1367 586 1408 omni
612 1367 796 1408 delectae
822 1367 953 1408 classe
979 1367 1154 1408 carinae.

178 1431 362 1471 velocem
387 1429 636 1470 Mnestheus
662 1429 751 1484 agit
773 1429 858 1470 acri
882 1429 1039 1484 remige
1063 1429 1246 1477 Pristim,

177 1507 273 1533 mox
297 1492 429 1533 Italus
453 1492 717 1541 Mnestheus,
742 1507 875 1547 genus
902 1508 926 1533 a
951 1506 1034 1545 quo
1060 1492 1225 1532 nomine
1251 1490 1442 1540 Memmi,

177 1555 473 1610 ingentemque
500 1553 617 1608 Gyas
643 1555 801 1609 ingenti
825 1555 934 1596 mole
961 1553 1239 1603 Chimaeram,

176 1617 289 1659 urbis
317 1632 434 1672 opus,
462 1617 611 1671 triplici
637 1617 769 1672 pubes
794 1632 921 1671 quam
945 1616 1147 1657 Dardana
1173 1631 1297 1657 versu

176 1680 407 1735 impellunt,
434 1686 550 1720 terno
576 1687 834 1734 consurgunt
859 1679 1002 1720 ordine
1027 1679 1128 1720 remi
1138 1695 1148 1728 ;

179 1741 500 1796 Sergestusquc,
527 1741 674 1783 domus
701 1749 814 1783 tenet
838 1757 861 1782 a
886 1756 968 1794 quo
995 1740 1146 1795 Sergia
1170 1755 1334 1790 nomon,

178 1803 391 1846 Centauro
418 1804 627 1845 invehitur
651 1820 818 1858 magna,
847 1803 1072 1858 Scyllaque
1100 1803 1332 1844 Cloanthus

177 1867 381 1916 caerulea,
407 1881 540 1920 genus
565 1866 676 1907 unde
702 1866 789 1915 tibi,
815 1866 1006 1907 Romane
1033 1865 1214 1907 Cluenti.

232 1929 311 1970 Est
334 1929 477 1984 procul
503 1929 544 1969 in
570 1928 721 1983 pelago
748 1943 894 1968 saxum
920 1929 1156 1983 spumantia
1181 1934 1324 1968 contra

134 2004 145 2009 ’
175 1992 308 2039 litora,
335 1991 447 2045 quod
472 1991 640 2031 tumidis
667 1991 930 2032 submersum
956 1990 1144 2031 tunditur
1168 1990 1266 2041 olim

175 2054 385 2101 fluctibus,
412 2053 572 2094 hiberni
599 2053 784 2094 condunt
806 2053 879 2094 ubi
904 2053 1041 2094 sidera
1065 2053 1167 2101 eori3

177 2116 400 2170 tranquillo
427 2116 517 2157 silet
543 2116 798 2170 immotaque
823 2115 1023 2156 attollitur
1047 2115 1159 2155 unda

178 2194 349 2233 campus
376 2185 415 2219 et
440 2178 587 2233 apricis
614 2179 734 2219 statio
759 2178 995 2232 gratissima
1019 2177 1184 2231 mergis.

176 2242 243 2282 hic
269 2241 443 2282 viridem
470 2242 637 2281 Aeneas
662 2241 868 2281 frondenti
894 2255 945 2281 ex
970 2240 1061 2281 ilice
1086 2248 1238 2280 metam

178 2304 391 2346 constituit
414 2304 578 2356 signum
604 2303 740 2343 nautis
765 2310 895 2357 pater,
921 2303 1030 2344 unde
1054 2302 1203 2343 reverti

177 2366 330 2407 scirent
353 2372 393 2406 et
416 2365 563 2419 longos
588 2365 660 2405 ubi
686 2364 1009 2405 circumflectere
1035 2378 1192 2404 cursus.

178 2435 267 2470 tum
290 2428 383 2469 loca
408 2435 516 2468 sorte
541 2428 699 2481 legunt,
726 2427 887 2481 ipsique
913 2427 954 2467 in
980 2426 1189 2481 puppibus
1215 2440 1314 2466 auro

179 2491 370 2532 ductores
395 2490 518 2544 longe
546 2490 745 2544 effulgent
771 2496 965 2542 ostroque
990 2489 1145 2537 decori3

179 2560 316 2596 cetera
340 2553 519 2607 populea
544 2553 704 2593 velatur
728 2551 874 2592 fronde
898 2551 1092 2592 iuventus

177 2616 441 2669 nudatosque
465 2629 630 2656 umeros
656 2615 746 2656 oleo
772 2614 940 2669 perfusa
963 2613 1139 2655 nitescit.
