<?xml version="1.0" encoding="UTF-8"?>
<!DOCTYPE html PUBLIC "-//W3C//DTD XHTML 1.0 Transitional//EN"
    "http://www.w3.org/TR/xhtml1/DTD/xhtml1-transitional.dtd">
<html xmlns="http://www.w3.org/1999/xhtml" xml:lang="en" lang="en">
 <head>
  <title>
</title>
<meta http-equiv="Content-Type" content="text/html;charset=utf-8" />
  <meta name='ocr-system' content='tesseract 3.04.00' />
  <meta name='ocr-capabilities' content='ocr_page ocr_carea ocr_par ocr_line ocrx_word'/>
</head>
<body>
  <div class='ocr_page' id='page_1' title='image "./carmina00virguoft_0119.png"; bbox 0 0 1622 2847; ppageno 0'>
   <div class='ocr_carea' id='block_1_1' title="bbox 458 140 941 179">
    <p class='ocr_par' dir='ltr' id='par_1_1' title="bbox 458 140 941 179">
     <span class='ocr_line' id='line_1_1' title="bbox 458 140 941 179; baseline -0.004 -1"><span class='ocrx_word' id='word_1_1' title='bbox 458 142 750 179; x_wconf 80' lang='lat' dir='ltr'>GEORGICON</span> <span class='ocrx_word' id='word_1_2' title='bbox 772 143 869 178; x_wconf 86' lang='lat' dir='ltr'><strong>LIB.</strong></span> <span class='ocrx_word' id='word_1_3' title='bbox 894 140 941 176; x_wconf 87' lang='lat'>11.</span> 
     </span>
    </p>
   </div>
   <div class='ocr_carea' id='block_1_2' title="bbox 0 245 1179 2416">
    <p class='ocr_par' dir='ltr' id='par_1_2' title="bbox 0 245 1178 1233">
     <span class='ocr_line' id='line_1_2' title="bbox 32 245 1178 302; baseline -0.001 -14"><span class='ocrx_word' id='word_1_4' title='bbox 32 247 252 302; x_wconf 82' lang='lat' dir='ltr'>agricolas!</span> <span class='ocrx_word' id='word_1_5' title='bbox 279 247 431 300; x_wconf 90' lang='lat' dir='ltr'>quibus</span> <span class='ocrx_word' id='word_1_6' title='bbox 456 247 559 301; x_wconf 90' lang='lat' dir='ltr'>ipsa,</span> <span class='ocrx_word' id='word_1_7' title='bbox 585 247 730 302; x_wconf 86' lang='lat' dir='ltr'>procul</span> <span class='ocrx_word' id='word_1_8' title='bbox 754 245 1014 296; x_wconf 81' lang='lat' dir='ltr'>discordibus</span> <span class='ocrx_word' id='word_1_9' title='bbox 1040 246 1178 296; x_wconf 87' lang='lat' dir='ltr'>armis,</span> 
     </span>
     <span class='ocr_line' id='line_1_3' title="bbox 0 272 1098 364; baseline 0 -14"><span class='ocrx_word' id='word_1_10' title='bbox 0 272 3 355; x_wconf 54' lang='lat' dir='ltr'>i</span> <span class='ocrx_word' id='word_1_11' title='bbox 30 309 169 350; x_wconf 86' lang='lat' dir='ltr'>fundit</span> <span class='ocrx_word' id='word_1_12' title='bbox 192 309 318 364; x_wconf 84' lang='lat' dir='ltr'>humo</span> <span class='ocrx_word' id='word_1_13' title='bbox 342 309 508 350; x_wconf 83' lang='lat' dir='ltr'><strong>facilem</strong></span> <span class='ocrx_word' id='word_1_14' title='bbox 534 310 690 350; x_wconf 89' lang='lat' dir='ltr'>victum</span> <span class='ocrx_word' id='word_1_15' title='bbox 714 308 940 350; x_wconf 88' lang='lat' dir='ltr'>iustissima</span> <span class='ocrx_word' id='word_1_16' title='bbox 964 309 1098 350; x_wconf 90' lang='lat' dir='ltr'>tellus.</span> 
     </span>
     <span class='ocr_line' id='line_1_4' title="bbox 0 367 1089 426; baseline 0.001 -15"><span class='ocrx_word' id='word_1_17' title='bbox 0 367 1 416; x_wconf 58' lang='lat' dir='ltr'>l</span> <span class='ocrx_word' id='word_1_18' title='bbox 31 370 66 411; x_wconf 88' lang='lat' dir='ltr'>si</span> <span class='ocrx_word' id='word_1_19' title='bbox 89 385 173 412; x_wconf 90' lang='lat' dir='ltr'>non</span> <span class='ocrx_word' id='word_1_20' title='bbox 197 371 408 426; x_wconf 85' lang='lat' dir='ltr'>ingentem</span> <span class='ocrx_word' id='word_1_21' title='bbox 434 371 593 412; x_wconf 89' lang='lat' dir='ltr'>foribus</span> <span class='ocrx_word' id='word_1_22' title='bbox 618 372 765 412; x_wconf 89' lang='lat' dir='ltr'>domus</span> <span class='ocrx_word' id='word_1_23' title='bbox 791 371 874 411; x_wconf 88' lang='lat' dir='ltr'>alta</span> <span class='ocrx_word' id='word_1_24' title='bbox 899 371 1089 425; x_wconf 91' lang='lat' dir='ltr'>superbis</span> 
     </span>
     <span class='ocr_line' id='line_1_5' title="bbox 0 427 1094 482; baseline 0 -10"><span class='ocrx_word' id='word_1_25' title='bbox 0 427 1 437; x_wconf 47' lang='lat'>ยน</span> <span class='ocrx_word' id='word_1_26' title='bbox 30 447 152 473; x_wconf 90' lang='lat' dir='ltr'>mane</span> <span class='ocrx_word' id='word_1_27' title='bbox 177 433 430 473; x_wconf 82' lang='lat' dir='ltr'>salutantum</span> <span class='ocrx_word' id='word_1_28' title='bbox 455 433 549 473; x_wconf 90' lang='lat' dir='ltr'>totis</span> <span class='ocrx_word' id='word_1_29' title='bbox 575 432 704 473; x_wconf 85' lang='lat' dir='ltr'>vomit</span> <span class='ocrx_word' id='word_1_30' title='bbox 728 431 900 473; x_wconf 87' lang='lat' dir='ltr'>aedibus</span> <span class='ocrx_word' id='word_1_31' title='bbox 925 432 1094 482; x_wconf 87' lang='lat' dir='ltr'>undam,</span> 
     </span>
     <span class='ocr_line' id='line_1_6' title="bbox 0 494 1045 550; baseline 0.002 -17"><span class='ocrx_word' id='word_1_32' title='bbox 0 527 1 531; x_wconf 67' lang='grc'>,</span> <span class='ocrx_word' id='word_1_33' title='bbox 29 509 108 535; x_wconf 91' lang='lat' dir='ltr'>nec</span> <span class='ocrx_word' id='word_1_34' title='bbox 131 494 266 535; x_wconf 89' lang='lat' dir='ltr'>varios</span> <span class='ocrx_word' id='word_1_35' title='bbox 290 494 452 535; x_wconf 87' lang='lat' dir='ltr'>inhiant</span> <span class='ocrx_word' id='word_1_36' title='bbox 475 494 650 550; x_wconf 85' lang='lat' dir='ltr'>pulchra</span> <span class='ocrx_word' id='word_1_37' title='bbox 674 494 881 536; x_wconf 79' lang='lat' dir='ltr'>testudine</span> <span class='ocrx_word' id='word_1_38' title='bbox 906 501 1045 549; x_wconf 86' lang='lat' dir='ltr'>postes</span> 
     </span>
     <span class='ocr_line' id='line_1_7' title="bbox 29 555 1009 611; baseline 0.001 -15"><span class='ocrx_word' id='word_1_39' title='bbox 29 555 269 610; x_wconf 86' lang='lat' dir='ltr'>inlusasque</span> <span class='ocrx_word' id='word_1_40' title='bbox 295 571 394 598; x_wconf 90' lang='lat' dir='ltr'>auro</span> <span class='ocrx_word' id='word_1_41' title='bbox 419 564 554 598; x_wconf 87' lang='lat' dir='ltr'>vestes</span> <span class='ocrx_word' id='word_1_42' title='bbox 579 556 874 611; x_wconf 84' lang='lat' dir='ltr'>Ephyreiaque</span> <span class='ocrx_word' id='word_1_43' title='bbox 900 571 1009 605; x_wconf 90' lang='lat' dir='ltr'>aera,</span> 
     </span>
     <span class='ocr_line' id='line_1_8' title="bbox 31 618 982 673; baseline 0.001 -15"><span class='ocrx_word' id='word_1_44' title='bbox 31 618 126 659; x_wconf 88' lang='lat' dir='ltr'>alba</span> <span class='ocrx_word' id='word_1_45' title='bbox 149 633 285 672; x_wconf 91' lang='lat' dir='ltr'>neque</span> <span class='ocrx_word' id='word_1_46' title='bbox 310 620 486 673; x_wconf 87' lang='lat' dir='ltr'>Assyrio</span> <span class='ocrx_word' id='word_1_47' title='bbox 511 619 677 660; x_wconf 85' lang='lat' dir='ltr'>fucatur</span> <span class='ocrx_word' id='word_1_48' title='bbox 700 619 796 660; x_wconf 86' lang='lat' dir='ltr'>lana</span> <span class='ocrx_word' id='word_1_49' title='bbox 820 633 982 659; x_wconf 90' lang='lat' dir='ltr'>veneno</span> 
     </span>
     <span class='ocr_line' id='line_1_9' title="bbox 30 680 984 736; baseline 0 -15"><span class='ocrx_word' id='word_1_50' title='bbox 30 694 108 721; x_wconf 87' lang='lat' dir='ltr'>nec</span> <span class='ocrx_word' id='word_1_51' title='bbox 132 680 242 721; x_wconf 85' lang='lat' dir='ltr'>casia</span> <span class='ocrx_word' id='word_1_52' title='bbox 266 681 412 734; x_wconf 89' lang='lat' dir='ltr'>liquidi</span> <span class='ocrx_word' id='word_1_53' title='bbox 438 682 717 736; x_wconf 80' lang='lat' dir='ltr'>corrumpitur</span> <span class='ocrx_word' id='word_1_54' title='bbox 740 696 841 722; x_wconf 92' lang='lat' dir='ltr'>usus</span> <span class='ocrx_word' id='word_1_55' title='bbox 867 681 984 721; x_wconf 89' lang='lat' dir='ltr'>olivi:</span> 
     </span>
     <span class='ocr_line' id='line_1_10' title="bbox 31 743 904 796; baseline 0 -13"><span class='ocrx_word' id='word_1_56' title='bbox 31 748 74 783; x_wconf 86' lang='lat' dir='ltr'>at</span> <span class='ocrx_word' id='word_1_57' title='bbox 98 757 243 784; x_wconf 88' lang='lat' dir='ltr'>secura</span> <span class='ocrx_word' id='word_1_58' title='bbox 267 743 383 796; x_wconf 90' lang='lat' dir='ltr'>quies</span> <span class='ocrx_word' id='word_1_59' title='bbox 410 751 451 784; x_wconf 90' lang='lat' dir='ltr'>et</span> <span class='ocrx_word' id='word_1_60' title='bbox 473 744 614 785; x_wconf 87' lang='lat' dir='ltr'>nescia</span> <span class='ocrx_word' id='word_1_61' title='bbox 638 743 781 784; x_wconf 87' lang='lat' dir='ltr'>fallere</span> <span class='ocrx_word' id='word_1_62' title='bbox 806 743 904 791; x_wconf 85' lang='lat' dir='ltr'>vita,</span> 
     </span>
     <span class='ocr_line' id='line_1_11' title="bbox 31 803 1004 859; baseline 0.001 -15"><span class='ocrx_word' id='word_1_63' title='bbox 31 803 146 845; x_wconf 88' lang='lat' dir='ltr'>dives</span> <span class='ocrx_word' id='word_1_64' title='bbox 172 819 297 859; x_wconf 91' lang='lat' dir='ltr'>opum</span> <span class='ocrx_word' id='word_1_65' title='bbox 323 805 546 855; x_wconf 89' lang='lat' dir='ltr'>variarum,</span> <span class='ocrx_word' id='word_1_66' title='bbox 572 812 615 846; x_wconf 82' lang='lat' dir='ltr'>at</span> <span class='ocrx_word' id='word_1_67' title='bbox 638 805 730 846; x_wconf 89' lang='lat' dir='ltr'>latis</span> <span class='ocrx_word' id='word_1_68' title='bbox 755 805 839 845; x_wconf 88' lang='lat' dir='ltr'>otia</span> <span class='ocrx_word' id='word_1_69' title='bbox 863 805 1004 845; x_wconf 87' lang='lat' dir='ltr'>fundis</span> 
     </span>
     <span class='ocr_line' id='line_1_12' title="bbox 31 865 1008 921; baseline 0 -14"><span class='ocrx_word' id='word_1_70' title='bbox 31 865 272 920; x_wconf 87' lang='lat' dir='ltr'>(speluncae</span> <span class='ocrx_word' id='word_1_71' title='bbox 296 867 464 921; x_wconf 89' lang='lat' dir='ltr'>vivique</span> <span class='ocrx_word' id='word_1_72' title='bbox 488 868 603 908; x_wconf 89' lang='lat' dir='ltr'>lacus</span> <span class='ocrx_word' id='word_1_73' title='bbox 628 874 670 909; x_wconf 89' lang='lat' dir='ltr'>et</span> <span class='ocrx_word' id='word_1_74' title='bbox 693 867 847 921; x_wconf 80' lang='lat' dir='ltr'>frigida</span> <span class='ocrx_word' id='word_1_75' title='bbox 871 874 1008 921; x_wconf 81' lang='lat' dir='ltr'>tempe</span> 
     </span>
     <span class='ocr_line' id='line_1_13' title="bbox 29 928 1154 983; baseline 0.001 -15"><span class='ocrx_word' id='word_1_76' title='bbox 29 928 297 983; x_wconf 81' lang='lat' dir='ltr'>mugitusque</span> <span class='ocrx_word' id='word_1_77' title='bbox 323 930 450 970; x_wconf 88' lang='lat' dir='ltr'>boum</span> <span class='ocrx_word' id='word_1_78' title='bbox 475 930 702 983; x_wconf 89' lang='lat' dir='ltr'>mollesque</span> <span class='ocrx_word' id='word_1_79' title='bbox 728 929 806 970; x_wconf 90' lang='lat' dir='ltr'>sub</span> <span class='ocrx_word' id='word_1_80' title='bbox 832 929 977 970; x_wconf 87' lang='lat' dir='ltr'>arbore</span> <span class='ocrx_word' id='word_1_81' title='bbox 1004 929 1154 982; x_wconf 89' lang='lat' dir='ltr'>somni)</span> 
     </span>
     <span class='ocr_line' id='line_1_14' title="bbox 29 991 1000 1041; baseline 0.001 -11"><span class='ocrx_word' id='word_1_82' title='bbox 29 1004 113 1031; x_wconf 91' lang='lat' dir='ltr'>non</span> <span class='ocrx_word' id='word_1_83' title='bbox 138 991 306 1041; x_wconf 84' lang='lat' dir='ltr'>absunt3</span> <span class='ocrx_word' id='word_1_84' title='bbox 331 992 414 1032; x_wconf 90' lang='lat' dir='ltr'>illic</span> <span class='ocrx_word' id='word_1_85' title='bbox 439 993 567 1033; x_wconf 89' lang='lat' dir='ltr'>saltus</span> <span class='ocrx_word' id='word_1_86' title='bbox 593 1007 640 1033; x_wconf 85' lang='lat' dir='ltr'>ac</span> <span class='ocrx_word' id='word_1_87' title='bbox 664 992 794 1032; x_wconf 87' lang='lat' dir='ltr'>lustra</span> <span class='ocrx_word' id='word_1_88' title='bbox 818 991 1000 1033; x_wconf 84' lang='lat' dir='ltr'>ferarum</span> 
     </span>
     <span class='ocr_line' id='line_1_15' title="bbox 31 1053 1150 1109; baseline 0 -16"><span class='ocrx_word' id='word_1_89' title='bbox 31 1059 73 1093; x_wconf 89' lang='lat' dir='ltr'>et</span> <span class='ocrx_word' id='word_1_90' title='bbox 95 1053 256 1107; x_wconf 88' lang='lat' dir='ltr'>patiens</span> <span class='ocrx_word' id='word_1_91' title='bbox 282 1069 454 1109; x_wconf 88' lang='lat' dir='ltr'>operum</span> <span class='ocrx_word' id='word_1_92' title='bbox 479 1055 715 1109; x_wconf 85' lang='lat' dir='ltr'>exiguoque</span> <span class='ocrx_word' id='word_1_93' title='bbox 746 1053 919 1095; x_wconf 85' lang='lat' dir='ltr'>adsueta</span> <span class='ocrx_word' id='word_1_94' title='bbox 943 1053 1150 1103; x_wconf 89' lang='lat' dir='ltr'>iuventus,</span> 
     </span>
     <span class='ocr_line' id='line_1_16' title="bbox 31 1115 1140 1171; baseline 0.001 -16"><span class='ocrx_word' id='word_1_95' title='bbox 31 1129 148 1155; x_wconf 87' lang='lat' dir='ltr'>sacra</span> <span class='ocrx_word' id='word_1_96' title='bbox 173 1115 296 1156; x_wconf 87' lang='lat' dir='ltr'>deum</span> <span class='ocrx_word' id='word_1_97' title='bbox 321 1117 535 1170; x_wconf 83' lang='lat' dir='ltr'>sanctique</span> <span class='ocrx_word' id='word_1_98' title='bbox 559 1123 716 1171; x_wconf 87' lang='lat' dir='ltr'>patres:</span> <span class='ocrx_word' id='word_1_99' title='bbox 743 1122 927 1157; x_wconf 89' lang='lat' dir='ltr'>extrema</span> <span class='ocrx_word' id='word_1_100' title='bbox 952 1131 1026 1170; x_wconf 91' lang='lat' dir='ltr'>per</span> <span class='ocrx_word' id='word_1_101' title='bbox 1049 1116 1140 1156; x_wconf 91' lang='lat' dir='ltr'>illos</span> 
     </span>
     <span class='ocr_line' id='line_1_17' title="bbox 29 1176 902 1233; baseline 0.001 -16"><span class='ocrx_word' id='word_1_102' title='bbox 29 1176 194 1218; x_wconf 89' lang='lat' dir='ltr'>Iustitia</span> <span class='ocrx_word' id='word_1_103' title='bbox 218 1178 423 1219; x_wconf 86' lang='lat' dir='ltr'>excedens</span> <span class='ocrx_word' id='word_1_104' title='bbox 448 1178 566 1220; x_wconf 90' lang='lat' dir='ltr'>terris</span> <span class='ocrx_word' id='word_1_105' title='bbox 592 1178 768 1233; x_wconf 86' lang='lat' dir='ltr'>vestigia</span> <span class='ocrx_word' id='word_1_106' title='bbox 792 1178 902 1219; x_wconf 85' lang='lat' dir='ltr'>fecit.</span> 
     </span>
    </p>

    <p class='ocr_par' dir='ltr' id='par_1_3' title="bbox 30 1239 1179 2416">
     <span class='ocr_line' id='line_1_18' title="bbox 87 1239 1122 1296; baseline 0.001 -16"><span class='ocrx_word' id='word_1_107' title='bbox 87 1239 161 1281; x_wconf 90' lang='lat' dir='ltr'>Me</span> <span class='ocrx_word' id='word_1_108' title='bbox 186 1255 284 1282; x_wconf 91' lang='lat' dir='ltr'>vero</span> <span class='ocrx_word' id='word_1_109' title='bbox 309 1241 490 1296; x_wconf 89' lang='lat' dir='ltr'>primum</span> <span class='ocrx_word' id='word_1_110' title='bbox 515 1241 656 1282; x_wconf 86' lang='lat' dir='ltr'>dulces</span> <span class='ocrx_word' id='word_1_111' title='bbox 682 1247 777 1282; x_wconf 87' lang='lat' dir='ltr'>ante</span> <span class='ocrx_word' id='word_1_112' title='bbox 802 1240 941 1281; x_wconf 87' lang='lat' dir='ltr'>omnia</span> <span class='ocrx_word' id='word_1_113' title='bbox 965 1255 1122 1289; x_wconf 88' lang='lat' dir='ltr'>musae,</span> 
     </span>
     <span class='ocr_line' id='line_1_19' title="bbox 31 1303 1072 1358; baseline 0.001 -16"><span class='ocrx_word' id='word_1_114' title='bbox 31 1315 206 1355; x_wconf 89' lang='lat' dir='ltr'>quarum</span> <span class='ocrx_word' id='word_1_115' title='bbox 232 1317 349 1344; x_wconf 88' lang='lat' dir='ltr'>sacra</span> <span class='ocrx_word' id='word_1_116' title='bbox 373 1304 461 1345; x_wconf 85' lang='lat' dir='ltr'>fero</span> <span class='ocrx_word' id='word_1_117' title='bbox 485 1303 646 1358; x_wconf 81' lang='lat' dir='ltr'>ingenti</span> <span class='ocrx_word' id='word_1_118' title='bbox 671 1317 892 1358; x_wconf 87' lang='lat' dir='ltr'>percussus</span> <span class='ocrx_word' id='word_1_119' title='bbox 918 1317 1072 1352; x_wconf 91' lang='lat' dir='ltr'>amore,</span> 
     </span>
     <span class='ocr_line' id='line_1_20' title="bbox 31 1364 1050 1419; baseline 0.001 -15"><span class='ocrx_word' id='word_1_120' title='bbox 31 1364 236 1419; x_wconf 79' lang='lat' dir='ltr'>accipiant</span> <span class='ocrx_word' id='word_1_121' title='bbox 259 1365 445 1419; x_wconf 88' lang='lat' dir='ltr'>caelique</span> <span class='ocrx_word' id='word_1_122' title='bbox 470 1366 557 1407; x_wconf 87' lang='lat' dir='ltr'>vias</span> <span class='ocrx_word' id='word_1_123' title='bbox 584 1373 624 1406; x_wconf 90' lang='lat' dir='ltr'>et</span> <span class='ocrx_word' id='word_1_124' title='bbox 649 1366 784 1406; x_wconf 91' lang='lat' dir='ltr'>sidera</span> <span class='ocrx_word' id='word_1_125' title='bbox 808 1372 1050 1414; x_wconf 89' lang='lat' dir='ltr'>monstrent,</span> 
     </span>
     <span class='ocr_line' id='line_1_21' title="bbox 31 1426 937 1481; baseline 0.001 -14"><span class='ocrx_word' id='word_1_126' title='bbox 31 1426 218 1468; x_wconf 89' lang='lat' dir='ltr'>defectus</span> <span class='ocrx_word' id='word_1_127' title='bbox 243 1428 339 1469; x_wconf 90' lang='lat' dir='ltr'>solis</span> <span class='ocrx_word' id='word_1_128' title='bbox 364 1429 500 1469; x_wconf 90' lang='lat' dir='ltr'>varios</span> <span class='ocrx_word' id='word_1_129' title='bbox 524 1429 730 1481; x_wconf 89' lang='lat' dir='ltr'>lunaeque</span> <span class='ocrx_word' id='word_1_130' title='bbox 754 1428 937 1476; x_wconf 84' lang='lat' dir='ltr'>labores3</span> 
     </span>
     <span class='ocr_line' id='line_1_22' title="bbox 30 1489 1170 1544; baseline 0.001 -15"><span class='ocrx_word' id='word_1_131' title='bbox 30 1489 142 1530; x_wconf 90' lang='lat' dir='ltr'>unde</span> <span class='ocrx_word' id='word_1_132' title='bbox 166 1496 320 1531; x_wconf 90' lang='lat' dir='ltr'>tremor</span> <span class='ocrx_word' id='word_1_133' title='bbox 343 1491 475 1540; x_wconf 88' lang='lat' dir='ltr'>terris,</span> <span class='ocrx_word' id='word_1_134' title='bbox 501 1505 584 1544; x_wconf 92' lang='lat' dir='ltr'>qua</span> <span class='ocrx_word' id='word_1_135' title='bbox 607 1490 648 1531; x_wconf 91' lang='lat' dir='ltr'>vi</span> <span class='ocrx_word' id='word_1_136' title='bbox 673 1490 805 1530; x_wconf 87' lang='lat' dir='ltr'>maria</span> <span class='ocrx_word' id='word_1_137' title='bbox 830 1490 913 1531; x_wconf 90' lang='lat' dir='ltr'>alta</span> <span class='ocrx_word' id='word_1_138' title='bbox 937 1496 1170 1531; x_wconf 86' lang='lat' dir='ltr'>tumescant</span> 
     </span>
     <span class='ocr_line' id='line_1_23' title="bbox 31 1551 1095 1607; baseline -0.001 -14"><span class='ocrx_word' id='word_1_139' title='bbox 31 1551 219 1593; x_wconf 83' lang='lat' dir='ltr'>obicibus</span> <span class='ocrx_word' id='word_1_140' title='bbox 242 1553 375 1607; x_wconf 87' lang='lat' dir='ltr'>ruptis</span> <span class='ocrx_word' id='word_1_141' title='bbox 399 1567 626 1606; x_wconf 85' lang='lat' dir='ltr'>rursusque</span> <span class='ocrx_word' id='word_1_142' title='bbox 650 1553 692 1593; x_wconf 90' lang='lat' dir='ltr'>in</span> <span class='ocrx_word' id='word_1_143' title='bbox 717 1567 761 1594; x_wconf 93' lang='lat' dir='ltr'>se</span> <span class='ocrx_word' id='word_1_144' title='bbox 785 1552 876 1607; x_wconf 88' lang='lat' dir='ltr'>ipsa</span> <span class='ocrx_word' id='word_1_145' title='bbox 900 1552 1095 1601; x_wconf 86' lang='lat' dir='ltr'>residant,</span> 
     </span>
     <span class='ocr_line' id='line_1_24' title="bbox 31 1613 1179 1670; baseline 0.001 -16"><span class='ocrx_word' id='word_1_146' title='bbox 31 1613 131 1668; x_wconf 90' lang='lat' dir='ltr'>quid</span> <span class='ocrx_word' id='word_1_147' title='bbox 156 1621 316 1656; x_wconf 88' lang='lat' dir='ltr'>tantum</span> <span class='ocrx_word' id='word_1_148' title='bbox 341 1614 514 1656; x_wconf 86' lang='lat' dir='ltr'>Oceano</span> <span class='ocrx_word' id='word_1_149' title='bbox 539 1621 765 1670; x_wconf 86' lang='lat' dir='ltr'>properent</span> <span class='ocrx_word' id='word_1_150' title='bbox 789 1630 832 1656; x_wconf 94' lang='lat' dir='ltr'>se</span> <span class='ocrx_word' id='word_1_151' title='bbox 857 1614 1046 1670; x_wconf 87' lang='lat' dir='ltr'>tinguere</span> <span class='ocrx_word' id='word_1_152' title='bbox 1072 1614 1179 1656; x_wconf 89' lang='lat' dir='ltr'>soles</span> 
     </span>
     <span class='ocr_line' id='line_1_25' title="bbox 30 1676 1111 1731; baseline 0.001 -14"><span class='ocrx_word' id='word_1_153' title='bbox 30 1676 205 1726; x_wconf 88' lang='lat' dir='ltr'>hiberni,</span> <span class='ocrx_word' id='word_1_154' title='bbox 230 1678 296 1719; x_wconf 91' lang='lat' dir='ltr'>vel</span> <span class='ocrx_word' id='word_1_155' title='bbox 321 1691 428 1731; x_wconf 85' lang='lat' dir='ltr'>quae</span> <span class='ocrx_word' id='word_1_156' title='bbox 452 1677 580 1719; x_wconf 87' lang='lat' dir='ltr'>tardis</span> <span class='ocrx_word' id='word_1_157' title='bbox 606 1692 722 1718; x_wconf 89' lang='lat' dir='ltr'>mora</span> <span class='ocrx_word' id='word_1_158' title='bbox 744 1677 938 1718; x_wconf 89' lang='lat' dir='ltr'>noctibus</span> <span class='ocrx_word' id='word_1_159' title='bbox 963 1677 1111 1718; x_wconf 90' lang='lat' dir='ltr'>obstet.</span> 
     </span>
     <span class='ocr_line' id='line_1_26' title="bbox 31 1738 1046 1794; baseline 0.001 -16"><span class='ocrx_word' id='word_1_160' title='bbox 31 1738 107 1787; x_wconf 88' lang='lat' dir='ltr'>sin,</span> <span class='ocrx_word' id='word_1_161' title='bbox 132 1738 206 1779; x_wconf 85' lang='lat' dir='ltr'>has</span> <span class='ocrx_word' id='word_1_162' title='bbox 229 1754 281 1781; x_wconf 91' lang='lat' dir='ltr'>ne</span> <span class='ocrx_word' id='word_1_163' title='bbox 305 1740 460 1794; x_wconf 90' lang='lat' dir='ltr'>possim</span> <span class='ocrx_word' id='word_1_164' title='bbox 484 1746 658 1781; x_wconf 86' lang='lat' dir='ltr'>naturae</span> <span class='ocrx_word' id='word_1_165' title='bbox 682 1739 879 1781; x_wconf 86' lang='lat' dir='ltr'>accedere</span> <span class='ocrx_word' id='word_1_166' title='bbox 904 1739 1046 1794; x_wconf 86' lang='lat' dir='ltr'>partis,</span> 
     </span>
     <span class='ocr_line' id='line_1_27' title="bbox 30 1800 1090 1857; baseline 0.001 -16"><span class='ocrx_word' id='word_1_167' title='bbox 30 1800 206 1856; x_wconf 87' lang='lat' dir='ltr'>frigidus</span> <span class='ocrx_word' id='word_1_168' title='bbox 232 1801 436 1842; x_wconf 87' lang='lat' dir='ltr'>obstiterit</span> <span class='ocrx_word' id='word_1_169' title='bbox 460 1801 615 1843; x_wconf 87' lang='lat' dir='ltr'>circum</span> <span class='ocrx_word' id='word_1_170' title='bbox 640 1801 882 1856; x_wconf 89' lang='lat' dir='ltr'>praecordia</span> <span class='ocrx_word' id='word_1_171' title='bbox 906 1801 1090 1857; x_wconf 88' lang='lat' dir='ltr'>sanguis,</span> 
     </span>
     <span class='ocr_line' id='line_1_28' title="bbox 30 1863 1118 1919; baseline 0.001 -16"><span class='ocrx_word' id='word_1_172' title='bbox 30 1878 128 1904; x_wconf 87' lang='lat' dir='ltr'>rura</span> <span class='ocrx_word' id='word_1_173' title='bbox 152 1863 251 1904; x_wconf 90' lang='lat' dir='ltr'>mihi</span> <span class='ocrx_word' id='word_1_174' title='bbox 275 1870 317 1905; x_wconf 88' lang='lat' dir='ltr'>et</span> <span class='ocrx_word' id='word_1_175' title='bbox 339 1864 448 1919; x_wconf 86' lang='lat' dir='ltr'>rigui</span> <span class='ocrx_word' id='word_1_176' title='bbox 472 1863 666 1918; x_wconf 89' lang='lat' dir='ltr'>placeant</span> <span class='ocrx_word' id='word_1_177' title='bbox 689 1864 731 1905; x_wconf 89' lang='lat' dir='ltr'>in</span> <span class='ocrx_word' id='word_1_178' title='bbox 756 1864 935 1905; x_wconf 84' lang='lat' dir='ltr'>vallibus</span> <span class='ocrx_word' id='word_1_179' title='bbox 962 1879 1118 1913; x_wconf 89' lang='lat' dir='ltr'>amnes,</span> 
     </span>
     <span class='ocr_line' id='line_1_29' title="bbox 31 1925 1163 1982; baseline 0.003 -17"><span class='ocrx_word' id='word_1_180' title='bbox 31 1925 202 1966; x_wconf 87' lang='lat' dir='ltr'>flumina</span> <span class='ocrx_word' id='word_1_181' title='bbox 226 1941 361 1967; x_wconf 85' lang='lat' dir='ltr'>amem</span> <span class='ocrx_word' id='word_1_182' title='bbox 387 1926 593 1980; x_wconf 85' lang='lat' dir='ltr'>silvasque</span> <span class='ocrx_word' id='word_1_183' title='bbox 617 1926 830 1981; x_wconf 88' lang='lat' dir='ltr'>inglorius.</span> <span class='ocrx_word' id='word_1_184' title='bbox 879 1940 903 1967; x_wconf 97' lang='lat' dir='ltr'>o</span> <span class='ocrx_word' id='word_1_185' title='bbox 928 1926 1001 1966; x_wconf 94' lang='lat' dir='ltr'>ubi</span> <span class='ocrx_word' id='word_1_186' title='bbox 1026 1927 1163 1982; x_wconf 89' lang='lat' dir='ltr'>campi</span> 
     </span>
     <span class='ocr_line' id='line_1_30' title="bbox 34 1986 1129 2043; baseline 0 -14"><span class='ocrx_word' id='word_1_187' title='bbox 34 1986 349 2042; x_wconf 85' lang='lat' dir='ltr'>Spercheosque</span> <span class='ocrx_word' id='word_1_188' title='bbox 375 1995 417 2030; x_wconf 92' lang='lat' dir='ltr'>et</span> <span class='ocrx_word' id='word_1_189' title='bbox 440 1989 671 2043; x_wconf 81' lang='lat' dir='ltr'>virginibus</span> <span class='ocrx_word' id='word_1_190' title='bbox 696 1989 899 2030; x_wconf 85' lang='lat' dir='ltr'>bacchata</span> <span class='ocrx_word' id='word_1_191' title='bbox 922 1988 1129 2030; x_wconf 89' lang='lat' dir='ltr'>Lacaenis</span> 
     </span>
     <span class='ocr_line' id='line_1_31' title="bbox 31 2049 1103 2105; baseline 0.002 -15"><span class='ocrx_word' id='word_1_192' title='bbox 31 2049 235 2105; x_wconf 85' lang='lat' dir='ltr'>Taygeta,</span> <span class='ocrx_word' id='word_1_193' title='bbox 261 2065 285 2091; x_wconf 95' lang='lat' dir='ltr'>o</span> <span class='ocrx_word' id='word_1_194' title='bbox 309 2050 379 2104; x_wconf 90' lang='lat' dir='ltr'>qui</span> <span class='ocrx_word' id='word_1_195' title='bbox 403 2066 469 2092; x_wconf 88' lang='lat' dir='ltr'>me</span> <span class='ocrx_word' id='word_1_196' title='bbox 493 2051 642 2105; x_wconf 85' lang='lat' dir='ltr'>gelidis</span> <span class='ocrx_word' id='word_1_197' title='bbox 668 2051 923 2092; x_wconf 87' lang='lat' dir='ltr'>convallibus</span> <span class='ocrx_word' id='word_1_198' title='bbox 948 2051 1103 2092; x_wconf 84' lang='lat' dir='ltr'>Haemi</span> 
     </span>
     <span class='ocr_line' id='line_1_32' title="bbox 33 2111 1033 2167; baseline 0.001 -15"><span class='ocrx_word' id='word_1_199' title='bbox 33 2111 148 2152; x_wconf 88' lang='lat' dir='ltr'>sistat</span> <span class='ocrx_word' id='word_1_200' title='bbox 172 2119 213 2153; x_wconf 89' lang='lat' dir='ltr'>et</span> <span class='ocrx_word' id='word_1_201' title='bbox 234 2112 393 2167; x_wconf 88' lang='lat' dir='ltr'>ingenti</span> <span class='ocrx_word' id='word_1_202' title='bbox 416 2127 627 2153; x_wconf 87' lang='lat' dir='ltr'>ramorum</span> <span class='ocrx_word' id='word_1_203' title='bbox 651 2119 843 2167; x_wconf 87' lang='lat' dir='ltr'>protegat</span> <span class='ocrx_word' id='word_1_204' title='bbox 867 2112 1033 2153; x_wconf 78' lang='lat' dir='ltr'>umbra!</span> 
     </span>
     <span class='ocr_line' id='line_1_33' title="bbox 32 2173 1008 2230; baseline 0.001 -16"><span class='ocrx_word' id='word_1_205' title='bbox 32 2173 144 2223; x_wconf 88' lang='lat' dir='ltr'>felix,</span> <span class='ocrx_word' id='word_1_206' title='bbox 170 2174 241 2228; x_wconf 90' lang='lat' dir='ltr'>qui</span> <span class='ocrx_word' id='word_1_207' title='bbox 264 2175 399 2229; x_wconf 88' lang='lat' dir='ltr'>potuit</span> <span class='ocrx_word' id='word_1_208' title='bbox 422 2190 560 2216; x_wconf 88' lang='lat' dir='ltr'>rerum</span> <span class='ocrx_word' id='word_1_209' title='bbox 586 2189 836 2230; x_wconf 84' lang='lat' dir='ltr'>cognoscere</span> <span class='ocrx_word' id='word_1_210' title='bbox 862 2190 1008 2216; x_wconf 86' lang='lat' dir='ltr'>causas</span> 
     </span>
     <span class='ocr_line' id='line_1_34' title="bbox 33 2237 972 2289; baseline 0.001 -13"><span class='ocrx_word' id='word_1_211' title='bbox 33 2242 156 2289; x_wconf 88' lang='lat' dir='ltr'>atque</span> <span class='ocrx_word' id='word_1_212' title='bbox 181 2242 316 2278; x_wconf 89' lang='lat' dir='ltr'>metus</span> <span class='ocrx_word' id='word_1_213' title='bbox 341 2237 472 2278; x_wconf 88' lang='lat' dir='ltr'>omnis</span> <span class='ocrx_word' id='word_1_214' title='bbox 498 2244 539 2278; x_wconf 86' lang='lat' dir='ltr'>et</span> <span class='ocrx_word' id='word_1_215' title='bbox 560 2237 816 2278; x_wconf 87' lang='lat' dir='ltr'>inexorabile</span> <span class='ocrx_word' id='word_1_216' title='bbox 840 2237 972 2278; x_wconf 87' lang='lat' dir='ltr'>fatum</span> 
     </span>
     <span class='ocr_line' id='line_1_35' title="bbox 33 2298 1162 2354; baseline 0.003 -16"><span class='ocrx_word' id='word_1_217' title='bbox 33 2298 210 2339; x_wconf 85' lang='lat' dir='ltr'>subiecit</span> <span class='ocrx_word' id='word_1_218' title='bbox 232 2299 407 2353; x_wconf 89' lang='lat' dir='ltr'>pedibus</span> <span class='ocrx_word' id='word_1_219' title='bbox 434 2299 733 2354; x_wconf 86' lang='lat' dir='ltr'>strepitumque</span> <span class='ocrx_word' id='word_1_220' title='bbox 757 2299 1009 2340; x_wconf 88' lang='lat' dir='ltr'>Acherontis</span> <span class='ocrx_word' id='word_1_221' title='bbox 1036 2300 1162 2341; x_wconf 85' lang='lat' dir='ltr'>avari.</span> 
     </span>
     <span class='ocr_line' id='line_1_36' title="bbox 32 2359 1010 2416; baseline 0.003 -16"><span class='ocrx_word' id='word_1_222' title='bbox 32 2359 267 2401; x_wconf 87' lang='lat' dir='ltr'>fortunatus</span> <span class='ocrx_word' id='word_1_223' title='bbox 292 2368 333 2401; x_wconf 90' lang='lat' dir='ltr'>et</span> <span class='ocrx_word' id='word_1_224' title='bbox 355 2361 437 2410; x_wconf 88' lang='lat' dir='ltr'>ille,</span> <span class='ocrx_word' id='word_1_225' title='bbox 464 2361 562 2402; x_wconf 89' lang='lat' dir='ltr'>deos</span> <span class='ocrx_word' id='word_1_226' title='bbox 587 2361 659 2415; x_wconf 90' lang='lat' dir='ltr'>qui</span> <span class='ocrx_word' id='word_1_227' title='bbox 682 2362 799 2402; x_wconf 87' lang='lat' dir='ltr'>novit</span> <span class='ocrx_word' id='word_1_228' title='bbox 822 2362 1010 2416; x_wconf 87' lang='lat' dir='ltr'>agrestis,</span> 
     </span>
    </p>
   </div>
   <div class='ocr_carea' id='block_1_3' title="bbox 33 2421 1244 2479">
    <p class='ocr_par' dir='ltr' id='par_1_4' title="bbox 33 2421 1244 2479">
     <span class='ocr_line' id='line_1_37' title="bbox 33 2421 1244 2479; baseline 0.003 -17"><span class='ocrx_word' id='word_1_229' title='bbox 33 2421 234 2476; x_wconf 85' lang='lat' dir='ltr'>Panaque</span> <span class='ocrx_word' id='word_1_230' title='bbox 262 2421 564 2477; x_wconf 85' lang='lat' dir='ltr'>Silvanumque</span> <span class='ocrx_word' id='word_1_231' title='bbox 591 2438 731 2465; x_wconf 88' lang='lat' dir='ltr'>senem</span> <span class='ocrx_word' id='word_1_232' title='bbox 756 2423 1046 2479; x_wconf 81' lang='lat' dir='ltr'>nymphasque</span> <span class='ocrx_word' id='word_1_233' title='bbox 1072 2439 1244 2467; x_wconf 89' lang='lat' dir='ltr'>sorores.</span> 
     </span>
    </p>
   </div>
   <div class='ocr_carea' id='block_1_4' title="bbox 32 2484 1084 2662">
    <p class='ocr_par' dir='ltr' id='par_1_5' title="bbox 32 2484 1084 2662">
     <span class='ocr_line' id='line_1_38' title="bbox 32 2484 1084 2541; baseline 0.001 -16"><span class='ocrx_word' id='word_1_234' title='bbox 32 2484 150 2525; x_wconf 88' lang='lat' dir='ltr'>illum</span> <span class='ocrx_word' id='word_1_235' title='bbox 174 2499 256 2525; x_wconf 92' lang='lat' dir='ltr'>non</span> <span class='ocrx_word' id='word_1_236' title='bbox 281 2486 423 2539; x_wconf 89' lang='lat' dir='ltr'>populi</span> <span class='ocrx_word' id='word_1_237' title='bbox 448 2486 596 2535; x_wconf 83' lang='lat' dir='ltr'>fasces,</span> <span class='ocrx_word' id='word_1_238' title='bbox 621 2501 704 2527; x_wconf 91' lang='lat' dir='ltr'>non</span> <span class='ocrx_word' id='word_1_239' title='bbox 730 2501 914 2541; x_wconf 84' lang='lat' dir='ltr'>purpura</span> <span class='ocrx_word' id='word_1_240' title='bbox 938 2502 1084 2541; x_wconf 89' lang='lat' dir='ltr'>regum</span> 
     </span>
     <span class='ocr_line' id='line_1_39' title="bbox 33 2546 969 2602; baseline 0.002 -15"><span class='ocrx_word' id='word_1_241' title='bbox 33 2546 147 2587; x_wconf 89' lang='lat' dir='ltr'>flexit</span> <span class='ocrx_word' id='word_1_242' title='bbox 171 2554 211 2588; x_wconf 89' lang='lat' dir='ltr'>et</span> <span class='ocrx_word' id='word_1_243' title='bbox 233 2547 381 2588; x_wconf 85' lang='lat' dir='ltr'>infidos</span> <span class='ocrx_word' id='word_1_244' title='bbox 407 2548 567 2602; x_wconf 84' lang='lat' dir='ltr'>agitans</span> <span class='ocrx_word' id='word_1_245' title='bbox 593 2548 798 2589; x_wconf 84' lang='lat' dir='ltr'>discordia</span> <span class='ocrx_word' id='word_1_246' title='bbox 823 2549 969 2590; x_wconf 88' lang='lat' dir='ltr'>fratres</span> 
     </span>
     <span class='ocr_line' id='line_1_40' title="bbox 35 2609 1054 2662; baseline 0.003 -13"><span class='ocrx_word' id='word_1_247' title='bbox 35 2615 106 2649; x_wconf 91' lang='lat' dir='ltr'>aut</span> <span class='ocrx_word' id='word_1_248' title='bbox 129 2609 341 2651; x_wconf 89' lang='lat' dir='ltr'>coniurato</span> <span class='ocrx_word' id='word_1_249' title='bbox 367 2609 621 2652; x_wconf 86' lang='lat' dir='ltr'>descendens</span> <span class='ocrx_word' id='word_1_250' title='bbox 647 2610 791 2652; x_wconf 84' lang='lat' dir='ltr'>Dacus</span> <span class='ocrx_word' id='word_1_251' title='bbox 817 2612 870 2652; x_wconf 88' lang='lat' dir='ltr'>ab</span> <span class='ocrx_word' id='word_1_252' title='bbox 896 2612 1054 2662; x_wconf 87' lang='lat' dir='ltr'>Histro,</span> 
     </span>
    </p>
   </div>
   <div class='ocr_carea' id='block_1_5' title="bbox 1400 316 1466 348">
    <p class='ocr_par' dir='ltr' id='par_1_6' title="bbox 1400 316 1466 348">
     <span class='ocr_line' id='line_1_41' title="bbox 1400 316 1466 348; baseline 0.015 -1"><span class='ocrx_word' id='word_1_253' title='bbox 1400 316 1466 348; x_wconf 88' lang='grc'>460</span> 
     </span>
    </p>
   </div>
   <div class='ocr_carea' id='block_1_6' title="bbox 1402 628 1467 658">
    <p class='ocr_par' dir='ltr' id='par_1_7' title="bbox 1402 628 1467 658">
     <span class='ocr_line' id='line_1_42' title="bbox 1402 628 1467 658; baseline 0 0"><span class='ocrx_word' id='word_1_254' title='bbox 1402 628 1467 658; x_wconf 82' lang='grc'>465</span> 
     </span>
    </p>
   </div>
   <div class='ocr_carea' id='block_1_7' title="bbox 1402 942 1467 972">
    <p class='ocr_par' dir='ltr' id='par_1_8' title="bbox 1402 942 1467 972">
     <span class='ocr_line' id='line_1_43' title="bbox 1402 942 1467 972; baseline 0.015 -1"><span class='ocrx_word' id='word_1_255' title='bbox 1402 942 1467 972; x_wconf 84' lang='grc'>470</span> 
     </span>
    </p>
   </div>
   <div class='ocr_carea' id='block_1_8' title="bbox 1401 1255 1465 1284">
    <p class='ocr_par' dir='ltr' id='par_1_9' title="bbox 1401 1255 1465 1284">
     <span class='ocr_line' id='line_1_44' title="bbox 1401 1255 1465 1284; baseline 0 0"><span class='ocrx_word' id='word_1_256' title='bbox 1401 1255 1465 1284; x_wconf 82' lang='grc'>475</span> 
     </span>
    </p>
   </div>
   <div class='ocr_carea' id='block_1_9' title="bbox 1401 1567 1467 1598">
    <p class='ocr_par' dir='ltr' id='par_1_10' title="bbox 1401 1567 1467 1598">
     <span class='ocr_line' id='line_1_45' title="bbox 1401 1567 1467 1598; baseline 0 -1"><span class='ocrx_word' id='word_1_257' title='bbox 1401 1567 1467 1598; x_wconf 87' lang='grc'>480</span> 
     </span>
    </p>
   </div>
   <div class='ocr_carea' id='block_1_10' title="bbox 1402 1879 1466 1909">
    <p class='ocr_par' dir='ltr' id='par_1_11' title="bbox 1402 1879 1466 1909">
     <span class='ocr_line' id='line_1_46' title="bbox 1402 1879 1466 1909; baseline 0.016 -1"><span class='ocrx_word' id='word_1_258' title='bbox 1402 1879 1466 1909; x_wconf 86' lang='grc'>485</span> 
     </span>
    </p>
   </div>
   <div class='ocr_carea' id='block_1_11' title="bbox 1403 2191 1468 2222">
    <p class='ocr_par' dir='ltr' id='par_1_12' title="bbox 1403 2191 1468 2222">
     <span class='ocr_line' id='line_1_47' title="bbox 1403 2191 1468 2222; baseline 0.015 -1"><span class='ocrx_word' id='word_1_259' title='bbox 1403 2191 1468 2222; x_wconf 86' lang='grc'>490</span> 
     </span>
    </p>
   </div>
   <div class='ocr_carea' id='block_1_12' title="bbox 1400 2502 1465 2532">
    <p class='ocr_par' dir='ltr' id='par_1_13' title="bbox 1400 2502 1465 2532">
     <span class='ocr_line' id='line_1_48' title="bbox 1400 2502 1465 2532; baseline 0.015 -1"><span class='ocrx_word' id='word_1_260' title='bbox 1400 2502 1465 2532; x_wconf 85' lang='grc'>495</span> 
     </span>
    </p>
   </div>
  </div>
 </body>
</html>
