1660 2847
561 140 812 178 AENEIDOS
835 141 930 178 LIB.
954 142 1022 178 IX.

121 246 300 289 clamore
325 245 538 301 excipiunt
559 246 661 288 socii
684 245 936 300 fremituque
961 252 1192 300 sequuntur

121 308 333 350 horrisono
341 325 353 359 3
378 309 589 350 Teucrum
613 308 816 349 mirantur
839 307 987 349 inertia
1011 308 1149 358 corda,

120 385 205 412 non
229 385 363 425 aequo
388 369 486 412 dare
510 385 554 412 se
580 384 741 425 campo,
765 384 849 410 non
873 369 998 410 obvia
1022 369 1130 411 ferre

122 447 237 474 arma
259 432 382 481 viros,
406 431 483 473 sed
507 439 642 473 castra
665 432 821 474 fovere.
868 430 951 472 huc
975 432 1167 473 turbidus
1193 440 1318 487 atque
1343 434 1424 476 huc

120 495 268 536 lustrat
291 508 396 548 equo
422 509 562 535 muros
587 495 828 548 aditumque
851 508 927 549 per
951 494 1046 535 avia
1067 495 1240 549 quaerit.

121 571 170 598 ac
194 557 321 598 veluti
344 557 468 611 pleno
492 557 616 611 lupus
641 556 860 598 insidiatus
885 556 983 597 ovili

121 633 217 660 cum
240 618 379 660 fremit
401 619 455 660 ad
480 620 634 667 caulas,
658 625 805 660 ventos
828 633 1049 674 perpessus
1076 626 1117 660 et
1139 619 1307 670 imbres,

119 687 240 722 nocte
264 696 389 736 super
411 681 568 731 media3
593 682 671 722 tuti
694 681 773 722 sub
797 681 1000 722 matribus
1026 682 1123 736 agni

119 742 305 784 balatum
330 751 542 794 exercent3
567 744 636 785 ille
662 758 782 799 asper
806 751 847 785 et
869 743 1082 798 improbus
1108 745 1170 787 ira

119 806 251 846 saevit
273 806 316 846 in
341 806 523 847 absentis
531 823 542 856 ;
569 806 742 848 collecta
765 805 916 860 fatigat
940 806 1089 847 edendi

119 883 170 909 ex
193 868 319 923 longo
343 869 480 910 rabies
505 875 546 910 et
571 869 704 910 siccae
729 869 934 924 sanguine
958 868 1122 910 fauces:

117 930 230 971 haud
255 930 372 972 aliter
396 931 553 973 Rutulo
578 945 719 972 muros
745 938 786 973 et
810 937 945 972 castra
969 931 1101 972 tuenti

116 991 340 1046 ignescunt
362 993 459 1043 irae,
488 993 601 1034 duris
626 993 744 1034 dolor
768 993 932 1034 ossibus
959 993 1088 1034 ardet.

118 1068 200 1108 qua
224 1061 398 1110 temptet
420 1055 579 1097 ratione
605 1055 740 1096 aditus
766 1062 806 1096 et
830 1069 938 1108 quae
963 1055 1030 1096 via
1054 1055 1216 1097 clausos

117 1117 301 1157 excutiat
323 1117 508 1158 Teucros
533 1117 642 1158 vallo
667 1124 792 1170 atque
818 1117 1006 1158 effundat
1029 1117 1071 1158 in
1097 1119 1302 1170 aequum?

117 1179 305 1228 classem,
331 1193 438 1233 quae
463 1180 582 1222 lateri
607 1186 837 1221 castrorum
861 1179 1058 1221 adiuncta
1081 1180 1250 1229 latebat,

117 1241 341 1297 aggeribus
366 1248 553 1297 saeptam
577 1242 733 1283 circum
758 1249 800 1283 et
822 1242 1061 1283 fluvialibus
1086 1242 1222 1293 undis,

115 1304 276 1345 invadit
299 1305 514 1358 sociosque
537 1304 731 1346 incendia
753 1305 886 1360 poscit
911 1305 1072 1346 ovantis

116 1372 242 1420 atque
264 1382 435 1408 manum
460 1367 562 1422 pinu
585 1367 778 1422 flagranti
801 1367 986 1408 fervidus
1011 1367 1168 1422 implet.

115 1434 205 1468 tum
228 1443 326 1470 vero
349 1429 597 1470 incumbunt
620 1432 761 1484 (urget
783 1429 1019 1484 praesentia
1043 1429 1193 1480 Turni)

116 1497 241 1544 atque
265 1491 399 1532 omnis
424 1491 586 1533 facibus
611 1492 744 1545 pubes
770 1492 1001 1546 accingitur
1026 1491 1137 1532 atris.

116 1552 322 1607 diripuere
346 1553 482 1603 focos;
508 1553 674 1608 piceum
700 1553 782 1594 fert
804 1554 965 1594 fumida
988 1554 1129 1595 lumen

115 1615 238 1656 taeda
262 1621 304 1657 et
327 1615 594 1656 commixtam
617 1615 832 1657 Volcanus
857 1615 910 1656 ad
936 1623 1047 1656 astra
1071 1616 1269 1658 favillam.

173 1675 280 1728 Quis
305 1677 422 1727 deus,
448 1692 471 1718 o
496 1692 653 1726 musae,
679 1683 765 1718 tam
790 1692 915 1718 saeva
938 1677 1130 1718 incendia
1155 1678 1328 1721 Teucris

115 1739 288 1780 avertit?
311 1745 448 1780 tantos
472 1739 631 1780 ratibus
656 1739 748 1792 quis
775 1739 936 1794 depulit
958 1739 1091 1794 ignis?

116 1801 250 1843 dicite.
298 1802 434 1856 prisca
457 1801 560 1843 fides
584 1801 709 1851 facto,
736 1801 809 1842 sed
833 1801 947 1842 fama
970 1802 1176 1856 perennis.

115 1870 301 1919 tempore
325 1878 407 1918 quo
432 1864 611 1918 primum
635 1863 825 1919 Phrygia
849 1863 1059 1904 formabat
1082 1864 1125 1904 in
1149 1864 1228 1906 Ida

115 1927 283 1968 Aeneas
309 1927 482 1967 classem
508 1934 548 1967 et
571 1926 710 1981 pelagi
734 1933 875 1980 petere
900 1927 981 1967 alta
1006 1926 1194 1981 parabat,

115 1989 207 2043 ipsa
231 1988 355 2030 deum
378 1989 509 2030 fertur
532 1989 722 2042 genetrix
746 1989 998 2042 Berecyntia
1023 2004 1224 2043 magnum

116 2051 288 2091 vocibus
311 2051 375 2091 his
401 2050 543 2091 adfata
566 2050 731 2091 Iovem:
758 2051 845 2099 ‘da,
871 2058 981 2099 nate,
1006 2052 1175 2105 petenti,

117 2113 229 2166 quod
253 2120 325 2154 tua
349 2128 444 2154 cara
467 2128 618 2167 parens
643 2113 798 2153 domito
824 2119 864 2154 te
888 2113 1022 2167 poscit
1047 2111 1247 2169 Olympo.

116 2175 239 2230 pinea
264 2175 368 2216 silva
391 2175 505 2224 mihi,
531 2174 683 2215 multos
710 2175 860 2216 dilecta
883 2190 958 2230 per
982 2189 1125 2224 annos,

116 2238 236 2278 lucus
260 2236 304 2277 in
328 2251 421 2278 arce
446 2236 526 2277 fuit
550 2252 725 2286 summa,
752 2252 836 2291 quo
860 2252 977 2278 sacra
1001 2237 1205 2287 ferebant,

116 2298 297 2354 nigranti
321 2299 438 2353 picea
463 2299 734 2352 trabibusque
759 2299 959 2340 obscurus
985 2300 1163 2341 acernis:

117 2361 192 2401 has
218 2375 296 2415 ego
321 2360 535 2402 Dardanio
559 2361 714 2410 iuveni,
740 2376 836 2402 cum
861 2361 1004 2402 classis
1030 2359 1183 2416 egeret,

116 2422 226 2463 laeta
250 2422 363 2471 dedi3
389 2438 500 2464 nunc
525 2423 741 2464 sollicitam
765 2424 889 2464 timor
913 2424 1060 2464 anxius
1087 2424 1214 2478 angit.

118 2484 233 2525 solve
259 2491 391 2525 metus
416 2492 540 2538 atque
565 2485 644 2526 hoc
668 2485 861 2540 precibus
887 2486 974 2526 sine
999 2500 1121 2540 posse
1145 2495 1374 2541 parentem,

117 2561 201 2587 neu
226 2560 350 2587 cursu
375 2554 594 2599 quassatae
618 2547 702 2588 ullo
727 2562 810 2589 neu
833 2547 998 2588 turbine
1024 2548 1137 2589 venti

119 2607 337 2649 vincantur
345 2624 356 2657 3
381 2609 511 2663 prosit
533 2609 684 2651 nostris
707 2609 751 2651 in
774 2609 984 2651 montibus
1010 2610 1147 2651 ortas?

1491 385 1532 415 55

1492 695 1534 726 60

1462 983 1533 1039 ⁴65

1491 1321 1533 1351 70

1490 1633 1531 1663 75

1488 1942 1532 1973 80

1489 2253 1530 2283 85

1488 2561 1530 2593 90
