1660 2847
209 139 294 183 264
620 148 662 184 P.
683 148 894 186 VERGILI
918 147 1143 185 MARONIS

211 254 330 308 siqua
355 253 436 296 tuis
461 267 661 307 umquam
686 267 760 308 pro
785 268 851 294 me
876 259 993 307 pater
1016 253 1228 307 Hyrtacus
1254 251 1334 293 aris

119 327 184 358 405
210 316 320 358 dona
343 317 449 366 tulit,
475 316 593 370 siqua
617 316 706 370 ipse
729 315 833 357 meis
859 315 1078 356 venatibus
1103 315 1200 356 auxi

209 378 460 433 suspendive
484 377 598 419 tholo
623 384 695 418 aut
718 391 836 419 sacra
860 377 914 418 ad
938 377 1106 431 fastigia
1129 376 1214 425 fixi,

210 439 320 481 hunc
345 440 433 482 sine
458 454 524 480 me
550 439 718 480 turbare
742 439 915 493 globum
941 445 982 480 et
1005 453 1103 493 rege
1128 439 1211 479 tela
1235 452 1307 492 per
1331 435 1480 478 auras.'

210 502 368 543 dixerat
394 508 434 544 et
457 508 543 542 toto
568 501 741 542 conixus
767 514 937 555 corpore
962 500 1118 541 ferrum

211 564 376 605 conicit:
403 563 522 604 hasta
546 564 691 604 volans
715 563 848 604 noctis
873 562 1107 604 diverberat
1130 562 1298 603 umbras

120 637 186 668 410
211 633 253 668 et
276 626 390 667 venit
415 625 549 667 aversi
573 626 616 666 in
641 632 804 680 tergum
831 624 1041 666 Sulmonis
1066 625 1206 677 ibique

209 688 415 743 frangitur
440 702 488 729 ac
512 688 608 728 fisso
634 687 782 728 transit
805 687 1048 741 praecordia
1072 687 1205 741 lign03

211 750 391 791 volvitur
414 749 483 791 ille
507 764 678 790 vomens
704 749 885 790 calidum
910 749 961 789 de
986 755 1152 803 pectore
1179 748 1334 789 flumen

210 812 387 867 frigidus
414 818 455 853 et
477 811 612 866 longis
639 811 889 865 singultibus
914 811 984 851 ilia
1008 811 1158 865 puisat.

213 874 365 916 diversi
389 873 740 928 circumspiciunt.
789 873 868 913 hoc
892 873 1025 913 acrior
1050 872 1161 913 idem

121 947 186 978 415
212 951 308 979 ecce
333 936 447 977 aliud
472 951 635 977 summa
658 935 787 976 telum
812 934 993 975 librabat
1018 934 1070 975 ab
1096 948 1206 975 aure.

212 997 311 1039 dum
335 997 556 1052 trepidant,
582 996 615 1036 it
638 997 758 1037 hasta
781 996 902 1050 Tago
927 1010 1001 1050 per
1025 1003 1188 1050 tempus
1213 1000 1449 1048 utrumque,

212 1059 403 1109 stridens,
429 1059 683 1112 traiectoque
709 1058 843 1099 haesit
866 1058 1073 1112 tepefacta
1097 1057 1277 1099 cerebro.

212 1121 343 1164 saevit
367 1128 485 1163 atrox
510 1121 693 1164 Volcens
717 1135 795 1162 nec
819 1120 891 1161 teli
917 1119 1118 1175 conspicit
1143 1133 1324 1173 usquam

215 1191 426 1226 auctorem
450 1197 527 1225 nec
553 1197 636 1237 quo
661 1198 705 1224 se
730 1182 879 1224 ardens
904 1182 1111 1223 inmittere
1135 1182 1276 1236 possit.

121 1258 188 1288 420
213 1250 278 1287 ‘tu
302 1252 441 1287 tamen
465 1246 623 1286 interea
647 1244 780 1286 calido
805 1244 907 1285 mihi
932 1243 1134 1298 sanguine
1158 1258 1313 1298 poenas

212 1308 421 1364 persolves
448 1307 685 1349 amborum'
711 1306 862 1361 inquit3
889 1306 1011 1347 simul
1036 1321 1134 1348 ense
1157 1306 1319 1347 recluso

212 1371 301 1412 ibat
322 1370 366 1411 in
391 1370 637 1424 Euryalum.
686 1376 774 1410 tum
799 1383 897 1410 vero
923 1368 1156 1417 exterritus,
1182 1382 1338 1416 amens,

215 1433 447 1475 conclamat
470 1432 613 1482 Nisus,
638 1446 716 1473 nec
741 1446 785 1473 se
811 1432 944 1473 celare
969 1430 1150 1473 tenebris

216 1495 394 1550 amplius
420 1501 492 1536 aut
517 1501 679 1535 tantum
704 1493 838 1549 potuit
861 1493 1045 1549 perferre
1071 1493 1274 1534 dolorem:

123 1569 188 1600 425
214 1561 314 1607 ‘me‚
339 1572 419 1606 me,
446 1557 606 1605 adsum,
631 1556 703 1611 qui
728 1556 821 1606 feci,
846 1556 889 1597 in
913 1571 980 1597 me
1005 1554 1230 1597 convertite
1255 1554 1425 1604 ferrum,

214 1635 238 1661 0
263 1619 428 1661 Rutuli!
454 1634 547 1660 mea
571 1619 685 1660 fraus
711 1618 863 1668 omnis3
887 1617 990 1659 nihil
1013 1618 1090 1659 iste
1114 1632 1191 1659 nec
1217 1631 1343 1658 ausus

214 1697 291 1724 nec
315 1681 466 1736 potuit;
493 1682 655 1722 caelum
679 1681 758 1723 hoc
783 1688 824 1722 et
848 1680 1014 1722 conscia
1038 1680 1175 1720 sidera
1200 1685 1344 1728 test0r3

216 1750 377 1785 tantum
402 1743 612 1785 infelicem
636 1743 811 1784 nimium
836 1742 980 1784 dilexit
1004 1741 1210 1783 amicum.'

214 1807 314 1847 talia
338 1805 447 1847 dicta
472 1805 612 1855 dabat,
638 1805 711 1847 sed
736 1805 893 1846 viribus
918 1805 1027 1846 ensis
1053 1804 1225 1845 adactus

126 1881 192 1912 430
215 1868 435 1910 transabiit
458 1874 592 1909 costas
619 1874 659 1909 et
682 1867 859 1909 candida
883 1873 1051 1922 pectora
1074 1866 1242 1921 rumpit.

216 1930 396 1972 volvitur
420 1929 629 1984 Euryalus
654 1930 736 1971 leto
761 1929 1040 1984 pulchrosque
1064 1943 1138 1983 per
1162 1934 1275 1969 artus

216 1994 249 2034 it
272 2007 392 2034 cruor
415 1992 541 2046 inque
566 2006 731 2033 umeros
757 1991 897 2033 cervix
922 1991 1120 2045 conlapsa
1143 1989 1366 2032 recumbit:

216 2069 449 2111 purpureus
473 2054 601 2095 veluti
627 2069 721 2095 curn
746 2054 821 2095 flos
847 2053 1032 2095 succisus
1057 2059 1193 2094 aratro

217 2116 452 2172 languescit
475 2116 668 2165 moriens,
694 2117 857 2158 lassove
881 2130 1092 2171 papavera
1117 2115 1221 2156 collo

127 2192 192 2223 435
218 2179 421 2221 demisere
446 2186 583 2233 caput,
609 2179 752 2234 pluvia
775 2193 871 2220 cum
895 2178 1002 2219 forte
1025 2184 1266 2232 gravantur.

218 2249 260 2283 at
282 2241 410 2282 Nisus
434 2241 518 2282 ruit
540 2241 582 2281 in
606 2241 778 2290 medios,
805 2241 1024 2294 solumque
1048 2254 1122 2294 per
1145 2238 1277 2279 omnis

217 2303 464 2346 Volcentem
489 2303 604 2358 petit,
628 2303 671 2344 in
695 2303 782 2344 solo
807 2303 1011 2345 Volcente
1036 2307 1232 2342 moratur.

217 2380 343 2420 quem
369 2365 524 2406 circum
549 2365 767 2420 glomerati
792 2365 931 2406 hostes
952 2364 1047 2405 hinc
1067 2362 1296 2404 comminus
1321 2367 1446 2416 atque
1469 2360 1565 2403 hinc

218 2427 477 2483 proturbant.
526 2427 652 2469 instat
676 2443 760 2469 non
785 2427 913 2469 setius
938 2441 987 2468 ac
1010 2432 1118 2467 rotat
1140 2439 1281 2467 ensem

127 2503 194 2534 440
219 2489 481 2539 fulmineum,
507 2489 640 2532 donec
664 2489 810 2532 Rutuli
836 2488 1051 2531 clamantis
1075 2487 1119 2528 in
1143 2502 1214 2529 ore

220 2551 404 2595 condidit
429 2551 604 2594 adverso
630 2560 670 2594 et
694 2553 874 2594 moriens
899 2551 1079 2593 animam
1104 2548 1276 2590 abstulit
1298 2547 1418 2589 hosti.

223 2622 312 2656 tum
337 2629 462 2669 super
487 2614 724 2657 exanimum
750 2629 841 2657 sese
865 2613 1038 2669 proiecit
1062 2611 1242 2654 amicum
