1628 2847
502 187 753 224 AENEIDOS
777 187 871 224 LIB.
895 187 983 224 XII.

78 293 158 336 hoc
182 299 319 349 caput,
344 307 369 335 o
394 292 519 343 cives,
543 292 647 335 haec
671 292 767 334 belli
793 306 957 333 summa
979 290 1162 333 nefandi.

79 356 183 397 ferte
207 356 319 397 faces
343 369 517 411 propere
542 355 774 409 foedusque
798 353 1001 408 reposcite
1024 351 1228 394 flammis?

80 417 251 466 dixerat,
277 424 401 472 atque
425 417 572 458 animis
597 416 751 472 pariter
774 415 1028 458 certantibus
1054 430 1197 457 omnes

80 479 180 521 dant
203 494 382 521 cuneum
405 479 617 533 densaque
642 479 694 520 ad
719 492 859 519 muros
883 477 992 519 mole
1017 477 1220 519 feruntur.

80 541 215 583 scalae
238 541 447 596 inproviso
473 541 719 596 subitusque
744 539 936 595 apparuit
959 539 1079 594 ignis.

81 603 316 645 discurrunt
341 603 408 644 alii
433 603 486 644 ad
509 610 650 658 portas
674 602 912 658 primosque
937 601 1158 651 trucidant,

80 664 235 706 ferrum
261 665 330 706 alii
353 672 548 719 torquent
572 672 614 707 et
637 664 887 706 obumbrant
911 663 1078 705 aethera
1102 663 1205 705 telis.

79 726 168 781 ipse
192 727 297 769 inter
320 726 474 782 primos
499 727 686 769 dextram
712 726 790 768 sub
814 725 979 767 moenia
1003 725 1136 767 tendit

81 790 248 830 Aeneas
272 803 509 845 magnaque
532 789 695 831 incusat
718 802 819 830 voce
844 787 1044 828 Latinum

82 858 336 905 testaturque
362 852 473 900 deos,
498 851 647 893 iterum
672 865 716 893 se
741 850 795 892 ad
818 850 975 905 proelia
1000 849 1106 905 cogi,

81 912 145 954 bis
169 913 252 954 iam
276 913 404 955 Italos
430 913 572 962 hostis,
599 913 701 954 haec
725 912 855 954 altera
878 911 1048 954 foedera
1071 911 1221 967 rumpi.

82 975 265 1017 exoritur
289 975 470 1031 trepidos
495 975 601 1016 inter
626 974 831 1016 discordia
856 973 976 1015 civis:

81 1037 226 1078 urbem
252 1035 321 1078 alii
344 1051 528 1079 reserare
552 1037 697 1078 iubent
721 1043 760 1077 et
784 1036 967 1091 pandere
992 1042 1132 1091 portas

80 1098 336 1140 Dardanidis
359 1099 579 1154 ipsumque
603 1099 773 1140 trahunt
795 1098 837 1139 in
864 1097 1027 1139 moenia
1049 1112 1211 1153 regem;

82 1177 197 1203 arma
219 1162 360 1203 ferunt
383 1162 452 1203 alii
476 1168 516 1203 et
540 1168 718 1216 pergunt
745 1160 967 1202 defendere
991 1174 1150 1202 muros:

81 1224 261 1265 inclusas
284 1230 332 1265 ut
355 1238 451 1265 cum
474 1224 681 1265 latebroso
705 1222 748 1264 in
771 1222 937 1278 pumice
960 1228 1102 1278 pastor

82 1286 304 1341 vestigavit
327 1300 425 1341 apes
449 1285 650 1339 fumoque
673 1285 862 1340 implevit
884 1299 1040 1334 amaro,

81 1348 175 1390 illae
199 1349 309 1389 intus
334 1348 519 1403 trepidae
543 1362 682 1390 rerum
706 1361 781 1403 per
805 1361 924 1390 cerea
948 1355 1084 1388 castra

83 1411 318 1453 discurrunt
341 1411 586 1466 magnisque
611 1416 767 1452 acuunt
791 1409 1034 1451 stridoribus
1059 1408 1156 1457 iras,

82 1473 261 1515 volvitur
284 1480 371 1515 ater
394 1474 496 1515 odor
518 1472 649 1522 tectis,
675 1480 763 1514 tum
788 1487 1000 1514 murmure
1026 1485 1149 1513 caeco

82 1535 194 1577 intus
220 1551 321 1577 saxa
345 1543 505 1585 sonant,
531 1550 684 1577 vacuas
708 1535 741 1576 it
764 1534 905 1576 fumus
931 1534 983 1575 ad
1008 1548 1143 1575 auras,

138 1598 307 1639 Accidit
330 1597 433 1640 haec
456 1598 576 1639 fessis
602 1597 726 1639 etiam
750 1597 919 1638 fortuna
943 1595 1120 1645 Latinis,

82 1674 190 1714 quae
213 1668 342 1702 totam
366 1661 480 1701 luctu
506 1659 714 1701 concussit
737 1659 923 1700 funditus
949 1658 1109 1699 urbem.

82 1723 227 1779 regina
249 1729 297 1763 ut
319 1722 436 1764 tectis
462 1722 696 1763 venientem
721 1721 920 1776 prospicit
943 1721 1117 1770 hostem,

83 1785 230 1827 incessi
254 1798 407 1834 muros,
432 1784 541 1840 ignis
566 1784 618 1824 ad
642 1790 751 1825 tecta
775 1783 927 1832 volare,

83 1862 287 1901 nusquam
313 1847 421 1888 acies
446 1853 590 1887 contra
613 1846 806 1895 Rutulas,
832 1845 949 1886 nulla
973 1844 1141 1901 agmina
1165 1843 1312 1895 Turni,

83 1910 227 1951 infelix
251 1924 418 1965 pugnae
442 1909 635 1950 iuvenem
659 1909 700 1949 in
727 1908 951 1950 certamine
976 1907 1106 1949 credit

85 1972 312 2014 extinctum
336 1978 390 2020 et,
417 1971 552 2015 subito
576 1977 757 2012 mentem
783 1970 950 2011 turbata
974 1970 1128 2018 dolore,

85 2050 129 2076 se
154 2049 321 2076 causam
346 2033 495 2074 clamat
521 2033 758 2086 crimenque
783 2039 991 2087 caputque
1016 2032 1234 2081 malorum,

84 2097 296 2150 multaque
319 2110 393 2150 per
415 2102 618 2136 maestum
644 2094 814 2136 demens
840 2094 965 2136 effata
988 2094 1185 2142 furorem,

84 2172 313 2214 purpureos
338 2157 537 2198 moritura
560 2172 687 2197 manu
712 2155 906 2197 discindit
931 2156 1106 2198 amictus

86 2229 128 2264 et
149 2220 305 2262 nodum
329 2220 515 2260 informis
540 2219 610 2260 leti
636 2218 752 2260 trabe
776 2218 902 2260 nectit
927 2219 980 2260 ab
1005 2219 1099 2260 alta.

86 2298 211 2338 quam
237 2282 397 2324 cladem
423 2282 597 2323 miserae
621 2288 844 2336 postquam
869 2294 1067 2336 accepere
1091 2280 1284 2330 Latinae,

84 2346 170 2387 filia
193 2345 327 2401 prima
350 2360 475 2385 manu
500 2345 623 2385 fioros
647 2343 828 2384 Lavinia
851 2343 974 2385 crinis

87 2416 128 2450 et
150 2422 289 2449 roseas
313 2406 467 2448 laniata
491 2421 635 2462 genas,
662 2413 747 2447 tum
774 2413 911 2448 cetera
934 2405 1091 2448 circum

87 2471 210 2512 turba
232 2470 350 2519 furit3
375 2477 568 2511 resonant
593 2469 676 2510 late
700 2468 971 2523 plangoribus
997 2467 1134 2509 aedes.

88 2533 183 2574 hinc
206 2539 336 2573 totam
358 2532 502 2574 infelix
527 2531 718 2586 volgatur
743 2531 855 2571 fama
879 2545 952 2585 per
976 2530 1136 2572 urbem.

88 2595 310 2637 demittunt
332 2601 503 2643 mentes,
528 2594 560 2635 it
583 2593 710 2635 scissa
734 2600 848 2635 veste
873 2592 1065 2641 Latinus,

89 2657 276 2712 coniugis
301 2657 496 2698 attonitus
521 2656 617 2697 fatis
642 2655 839 2710 urbisque
863 2655 997 2705 ruina,

161 2723 289 2758 Veryt'ln'us
301 2724 342 2750 ed.
360 2724 442 2750 Thilo.
1163 2718 1210 2756 22

1336 176 1418 221 337

1449 487 1512 518 5⁷5

1451 1108 1516 1140 585

1451 1419 1518 1452 590

1452 1731 1518 1763 595

1452 2041 1516 2073 600

1453 2353 1518 2385 605

1456 2661 1522 2694 610
