1660 2847
561 167 814 204 AENEIDOS
836 168 932 203 LIB.
958 168 1022 206 VI.

119 271 270 328 eripuit
291 271 411 314 nobis
434 271 656 326 medioque
679 272 758 313 sub
782 286 963 325 aequore
988 273 1153 314 mersit?

118 334 185 376 dic
210 348 299 390 age.
345 347 526 387 namque
549 333 663 383 mihi,
688 334 816 375 fallax
839 334 952 375 haud
977 341 1071 376 ante
1096 341 1297 390 repertus,

118 395 196 437 hoc
221 410 303 437 uno
327 410 524 451 responso
550 396 734 436 animum
759 396 909 437 delusit
932 397 1101 451 Apollo,

118 458 190 511 qui
213 457 302 499 fore
325 464 365 499 te
388 464 515 512 ponto
539 457 790 499 incolumem
816 458 992 511 finisque
1019 459 1194 500 canebat

117 526 339 561 venturum
362 519 588 560 Ausonios.
638 535 689 561 en
713 520 816 561 haec
841 520 1046 575 promissa
1069 521 1173 562 fides
1198 521 1302 562 est?’

116 581 185 623 ille
209 588 366 623 autem:
393 585 546 635 ‘neque
569 588 610 623 te
633 581 797 623 Phoebi
822 582 980 623 cortina
1003 582 1164 631 fefellit,

118 643 203 684 dux
226 643 496 692 Anchisiade,
520 658 598 684 nec
622 645 688 685 ine
713 644 814 684 deus
840 658 1019 697 aequore
1044 645 1197 686 mersit.

117 719 296 758 namque
320 705 621 760 gubernaclum
646 706 777 746 multa
800 706 842 746 vi
867 706 972 748 forte
996 707 1219 756 revolsum,

118 767 182 808 cui
208 767 328 808 datus
353 767 577 809 haerebam
601 774 741 809 custos
767 782 994 822 cursusque
1018 769 1231 823 regebam,

115 829 390 884 praecipitans
415 830 522 871 traxi
545 844 723 871 mecum.
771 831 901 871 maria
925 846 1072 886 aspera
1098 832 1202 881 iuro,

115 905 199 931 non
223 892 354 932 ullum
378 906 453 946 pro
477 907 543 933 me
567 898 729 933 tantum
754 892 912 947 cepisse
937 893 1141 941 timorem,

116 967 242 1006 quam
268 960 338 994 tua
361 969 427 1003 ne,
454 954 631 1009 spoliata
654 954 792 1003 armis,
818 969 993 996 excussa
1016 956 1229 1010 magistro,

116 1015 311 1057 deficeret
332 1016 457 1056 tantis
481 1016 599 1057 navis
623 1016 889 1071 surgentibus
913 1017 1049 1058 undis.

116 1077 189 1117 tris
212 1084 334 1119 notus
359 1077 553 1119 hibernas
577 1078 780 1119 immensa
803 1093 878 1133 per
902 1094 1083 1133 aequora
1106 1087 1249 1122 noctes

115 1139 230 1180 vexit
252 1154 318 1180 me
343 1138 547 1180 violentus
573 1153 699 1193 aqua3
726 1140 795 1181 vix
820 1140 975 1182 lumine
1000 1148 1147 1195 quarto

115 1202 309 1256 prospexi
332 1201 497 1242 Italiam
523 1216 686 1242 summa
709 1202 896 1243 sublimis
922 1203 976 1244 ab
1000 1204 1125 1244 unda.

114 1263 313 1318 paulatim
338 1263 545 1304 adnabam
568 1271 720 1313 terrae3
745 1265 828 1305 iam
853 1272 942 1306 tuta
966 1266 1173 1315 tenebam,

115 1326 158 1366 ni
182 1340 285 1380 gens
311 1326 488 1367 crudelis
513 1326 679 1366 madida
704 1341 799 1367 cum
824 1334 937 1368 veste
963 1335 1181 1382 gravatum

115 1395 463 1442 prensantemque
488 1388 605 1429 uncis
629 1389 821 1430 manibus
847 1389 982 1444 capita
1007 1405 1153 1445 aspera
1177 1391 1328 1433 montis

115 1450 224 1491 ferro
248 1450 468 1491 invasisset
490 1450 770 1505 praedamque
795 1451 941 1506 ignara
964 1460 1162 1506 putasset.

114 1527 226 1554 nunc
249 1527 315 1554 me
340 1512 490 1553 fluctus
515 1512 641 1553 habet
666 1520 915 1566 versantque
939 1514 982 1555 in
1006 1514 1125 1556 litore
1150 1516 1275 1557 venti.

115 1574 228 1629 quod
251 1581 292 1615 te
316 1589 390 1629 per
414 1573 517 1615 caeli
540 1574 769 1616 iucundum
792 1575 934 1616 lumen
960 1582 1001 1617 et
1025 1591 1160 1626 auras,

114 1652 189 1693 per
213 1636 443 1692 genitorem
468 1650 553 1685 oro,
578 1651 652 1691 per
676 1652 770 1691 spes
795 1637 1002 1692 surgentis
1027 1638 1121 1687 Iuli,

116 1700 227 1755 eripe
250 1714 317 1740 me
342 1699 419 1748 his,
444 1699 609 1748 invicte,
634 1700 771 1740 malis:
798 1707 871 1741 aut
894 1707 938 1741 tu
963 1700 1064 1741 mihi
1090 1710 1242 1744 terram

114 1763 221 1804 inice
246 1764 442 1815 (namque
468 1763 602 1816 potes)
627 1769 856 1817 portusque
881 1763 1046 1817 require
1071 1764 1257 1814 Velinos,

116 1832 188 1866 aut
211 1832 269 1874 tu,
295 1824 414 1878 siqua
438 1825 505 1866 via
530 1831 603 1872 est,
629 1825 790 1878 siquam
816 1826 890 1866 tibi
916 1826 1012 1867 diva
1036 1828 1213 1868 creatrix

116 1887 295 1929 ostendit
319 1887 470 1940 (neque
495 1887 618 1936 enim,
646 1888 782 1937 credo,
808 1889 895 1930 sine
920 1889 1089 1930 numine
1115 1890 1257 1931 divum

116 1950 286 1991 fiumina
309 1955 423 1990 tanta
448 1964 569 2004 paras
595 1949 872 2005 Stygiamque
895 1951 1039 1993 innare
1063 1953 1289 2006 paludem),

117 2011 170 2052 da
195 2012 382 2053 dextram
406 2011 555 2053 misero
581 2018 620 2053 et
645 2019 782 2053 tecum
807 2028 873 2054 me
899 2013 996 2054 tolle
1021 2028 1095 2067 per
1119 2015 1266 2065 undas,

117 2073 284 2115 sedibus
307 2081 353 2115 ut
377 2073 525 2115 saltem
550 2074 723 2128 placidis
748 2075 791 2115 in
815 2082 947 2116 morte
973 2076 1212 2129 quiescam.’

117 2135 216 2177 talia
239 2135 348 2177 fatus
373 2143 474 2185 erat,
500 2136 635 2191 coepit
661 2151 756 2178 cum
780 2137 879 2178 talia
903 2145 1038 2179 vates:

117 2197 247 2239 ‘unde
271 2198 384 2247 haec,
410 2212 434 2239 o
459 2197 670 2248 Palinure,
697 2199 772 2239 tibi
797 2206 882 2240 tam
906 2199 996 2240 dira
1020 2200 1197 2255 cupido?

117 2267 163 2301 tu
189 2259 357 2314 Stygias
380 2260 619 2301 inhumatus
645 2275 775 2314 aquas
800 2276 1047 2316 amnemque
1073 2278 1263 2305 severum

118 2322 384 2364 eumenidum
409 2323 582 2377 aspicies
607 2324 793 2378 ripamve
817 2324 996 2366 iniussus
1023 2325 1180 2367 adibis?

117 2384 259 2426 desine
283 2384 369 2425 fata
393 2384 516 2426 deum
540 2386 650 2427 flecti
675 2401 839 2440 sperare
863 2387 1084 2441 precando.

117 2447 190 2488 sed
214 2461 315 2501 cape
339 2446 449 2487 dicta
471 2462 642 2497 memor,
669 2448 760 2489 duri
784 2449 937 2490 solacia
960 2463 1099 2490 casus:

117 2524 214 2550 nam
237 2516 309 2549 tua
331 2508 506 2558 finitimi,
530 2510 654 2564 longe
679 2510 844 2564 lateque
869 2525 942 2565 per
965 2511 1089 2552 urbes

118 2571 316 2626 prodigiis
342 2571 422 2612 acti
447 2573 707 2622 caelestibus,
733 2587 826 2614 ossa
850 2573 1025 2628 piabunt

118 2639 160 2675 et
181 2639 362 2676 statuent
386 2635 590 2676 tumulum
615 2641 655 2677 et
680 2635 838 2677 tumulo
863 2635 1078 2678 sollemnia
1102 2636 1266 2679 mittent

1380 160 1461 203 199

1487 471 1550 502 345

1488 781 1552 812 350

1487 1091 1550 1123 355

1484 1405 1549 1436 360

1486 1717 1549 1748 365

1487 2029 1550 2060 370

1486 2341 1549 2372 375

1482 2650 1546 2681 380
