1660 2847
71 531 135 562 335

70 845 136 876 340

71 1157 135 1188 345

70 1470 136 1500 350

71 1782 135 1813 355

73 2094 137 2125 360

75 2406 138 2437 365

167 160 247 203 176
583 170 624 205 Ρ.
644 169 853 207 VERGILI
878 170 1102 207 MARONIS

162 273 229 314 hic
253 274 413 316 iuvenis
437 273 521 315 iam
545 274 676 315 victor
701 289 829 315 ovans
855 274 1033 329 vestigia
1056 289 1198 330 presso

162 335 276 376 haud
300 336 433 377 tenuit
458 336 633 377 titubata
660 337 761 385 solo,
788 336 862 378 sed
886 351 1040 391 pronus
1065 337 1107 377 in
1133 337 1222 392 ipso

163 398 342 439 concidit
365 398 649 451 inmundoque
674 399 771 439 fimo
798 413 999 451 sacroque
1025 413 1182 448 cruore,

161 474 243 501 non
269 467 407 501 tamen
435 459 621 514 Euryali,
647 475 730 501 non
754 460 822 502 ille
847 461 1000 501 oblitus
1027 476 1233 503 amorum:

160 537 258 563 nam
283 538 373 564 sese
398 522 591 577 opposuit
617 521 731 564 Salio
756 538 830 577 per
853 523 1014 564 lubrica
1038 538 1233 578 surgens3

161 585 230 626 ille
255 592 394 626 autem
420 585 553 639 spissa
576 585 703 626 iacuit
726 586 939 626 revolutus
964 585 1130 626 harena.

161 647 312 689 emicat
335 647 545 701 Euryalus
571 653 612 688 et
635 662 806 688 munere
831 647 962 688 vietor
986 647 1107 688 amici

160 710 294 764 prima
319 716 433 751 tenet
455 709 689 764 plausuque
714 710 828 750 volat
850 709 1102 763 fremituque
1128 710 1322 751 seeundo.

160 779 255 826 post
281 772 487 826 Helymus
513 771 637 820 subit,
663 778 703 813 et
727 787 838 813 nunc
864 772 984 813 tertia
1007 773 1145 826 palma
1171 772 1334 813 Diores.

160 834 228 875 hie
252 842 384 875 totum
410 848 562 876 caveae
588 849 830 875 consessum
856 834 1036 889 ingentis
1062 842 1100 875 et
1127 849 1199 875 ora

160 897 293 952 prima
317 904 482 952 patrum
507 897 670 951 magnis
698 896 836 937 Salius
863 896 1113 937 clamoribus
1138 896 1283 951 implet

162 967 431 1014 ereptumque
457 958 552 999 dolo
577 959 694 999 reddi
721 959 799 999 sibi
823 959 956 1013 poscit
980 958 1192 999 honorem.

160 1029 318 1063 tutatur
342 1021 461 1062 favor
485 1020 733 1075 Euryalum,
759 1021 1037 1074 lacrimaeque
1063 1021 1251 1070 decorae,

161 1084 317 1139 gratior
342 1090 382 1125 et
405 1083 580 1138 pulchro
607 1083 776 1124 veniens
802 1084 844 1124 in
870 1098 1041 1138 corpore
1066 1083 1209 1124 virtus.

161 1146 331 1187 adiuvat
356 1153 396 1187 et
420 1161 574 1201 magna
598 1147 827 1201 proclamat
851 1160 952 1187 voce
979 1145 1144 1195 Diores,

161 1209 232 1262 qui
258 1208 384 1250 subiit
409 1208 573 1263 palmae
597 1209 835 1262 frustraque
860 1208 913 1249 ad
938 1209 1122 1263 praemia
1146 1207 1259 1249 venit

161 1271 320 1319 ultima,
347 1271 379 1311 si
405 1270 527 1325 primi
554 1269 668 1312 Salio
693 1270 920 1312 reddantur
946 1270 1136 1311 honores.

160 1341 247 1374 tum
273 1340 391 1388 pater
415 1333 583 1374 Aeneas
610 1333 783 1374 ‘vestra'
809 1333 944 1386 inquit
968 1337 1160 1374 ‘munera
1183 1332 1301 1373 vobis

161 1403 273 1438 certa
298 1403 480 1445 manent,
507 1396 637 1450 pueri,
665 1404 705 1437 01
730 1396 911 1451 palmam
937 1402 1077 1437 movet
1101 1395 1244 1436 ordine
1269 1408 1412 1436 nemo:

160 1474 226 1500 me
251 1458 373 1499 liceat
399 1474 519 1499 casus
545 1458 729 1500 miserari
755 1458 929 1499 insontis
956 1458 1103 1499 amici.’

161 1522 219 1563 sic
243 1521 354 1562 fatus
380 1528 543 1575 tergum
569 1519 740 1562 Gaetuli
766 1521 932 1563 inmane
957 1521 1088 1562 leonis

161 1584 232 1624 dat
258 1583 386 1632 Salio,
413 1583 521 1624 villis
548 1598 767 1624 onerosum
794 1590 917 1637 atque
943 1582 1153 1638 unguibus
1180 1581 1327 1623 aureis.

161 1646 228 1687 hic
252 1645 380 1687 Nisus
407 1645 459 1685 ‘si
486 1646 617 1686 tanta’
643 1645 777 1699 inquit
802 1651 919 1687 ‘sunt
943 1645 1129 1700 praemia
1154 1644 1273 1686 victis

161 1715 203 1750 et
226 1716 265 1750 te
290 1708 502 1763 lapsorum
528 1708 709 1757 miseret,
736 1723 843 1761 quae
868 1723 1040 1749 munera
1065 1707 1167 1748 Niso

164 1771 292 1826 digna
317 1771 459 1811 dabis?
485 1770 660 1825 primam
686 1771 819 1812 merui
844 1770 915 1824 qui
940 1770 1062 1811 laude
1088 1784 1296 1817 coronam,

159 1834 203 1875 ni
227 1848 306 1882 me,
332 1847 438 1886 quae
466 1832 642 1881 Salium,
667 1834 854 1874 Fortuna
878 1833 1045 1873 inimica
1069 1831 1254 1873 tulisset.’

162 1903 204 1938 et
227 1896 349 1936 simul
374 1895 436 1935 his
462 1895 581 1936 dictis
607 1896 756 1937 faeiem
783 1895 1015 1936 ostentabat
1041 1901 1082 1935 et
1106 1894 1188 1935 udo

162 1958 298 2013 turpia
322 1958 511 1999 membra
535 1958 644 1998 fimo„
694 1958 783 1999 risit
808 1965 927 2012 pater
952 1957 1130 2012 optimus
1156 1955 1226 1997 olli

162 2027 204 2062 01
227 2020 405 2074 clipeum
431 2020 568 2061 efferri
593 2020 725 2069 iussit,
751 2019 1028 2074 Didymaonis
1055 2018 1167 2067 artis,

161 2082 347 2137 Neptuni
372 2096 488 2123 sacro
514 2082 675 2123 Danais
702 2083 753 2124 de
778 2089 894 2137 poste
919 2082 1113 2130 refixum3

162 2145 241 2188 hoc
265 2145 459 2186 iuvenem
485 2145 700 2200 egregium
726 2145 952 2200 praestanti
978 2158 1148 2185 munere
1174 2143 1312 2183 donat.

218 2207 322 2248 Post
346 2207 418 2248 ubi
444 2207 621 2248 confecti
647 2222 792 2248 cursus
818 2214 859 2248 et
883 2207 992 2248 dona
1016 2206 1188 2261 peregit,

163 2273 306 2319 ‘nunc‚
333 2270 434 2310 sicui
461 2269 591 2310 virtus
618 2270 863 2323 animusque
889 2270 931 2309 in
956 2275 1122 2324 pectore
1147 2281 1359 2322 praesens,

165 2332 272 2373 adsit
297 2339 337 2373 01
361 2332 533 2374 evinctis
559 2332 719 2373 attollat
743 2331 937 2373 bracchia
961 2330 1136 2385 pal1·nis.'

165 2394 223 2436 sic
249 2394 306 2435 ait
331 2401 372 2435 et
395 2394 609 2449 geminum
635 2409 801 2449 pugnae
827 2393 1019 2448 proponit
1044 2392 1256 2440 honorem,

163 2456 308 2498 victori
334 2457 515 2498 velatum
541 2471 642 2497 auro
668 2457 863 2509 vittisque
888 2456 1123 2500 iuvencum,

167 2535 308 2561 ensem
334 2527 457 2572 atque
483 2519 689 2574 insignem
714 2519 877 2573 galeam
902 2518 1055 2559 solacia
1079 2517 1201 2557 victo.

163 2597 241 2623 1100
265 2596 393 2630 mora,
419 2581 613 2622 continuo
641 2581 766 2622 vastis
793 2596 887 2621 cum
913 2579 1068 2620 viribus
1094 2579 1214 2620 effert

165 2658 237 2685 ora
262 2644 397 2685 Dares
422 2657 657 2699 magnoque
683 2643 817 2684 virum
844 2658 886 2684 se
911 2657 1122 2683 murmure
1148 2640 1264 2689 tollit,
