1628 2847
101 341 165 372 220

100 654 117 683 ΒΟ

124 655 141 683 10

146 663 163 684 ἰν

100 965 164 996 230

100 1280 163 1310 235

101 1594 165 1624 240

101 1908 163 1938 245

104 2530 166 2560 ‘255

193 92 277 134 372
796 102 935 139 CIRIS.

191 206 362 261 suspicit
387 206 440 249 ad
465 207 563 249 celsi
586 206 788 249 nictantia
811 207 947 250 sidera
971 209 1128 259 mundi,

189 283 272 309 non
298 277 470 325 accepta
494 271 571 324 piis
597 271 839 324 promittens
865 286 1038 312 munera
1063 272 1182 313 divis.

247 330 386 383 Quam
413 332 533 373 simul
563 331 724 387 Ogygii
748 332 971 374 Phoenicis
996 333 1079 374 filia
1105 333 1258 376 Carme

189 408 360 448 surgere
386 394 513 435 sensit
539 410 642 436 anus
668 395 868 446 (sonitum
891 411 987 436 nam
1014 396 1169 438 fecerat
1193 396 1252 438 illi

189 471 419 499 marmoreo
445 464 607 498 aeratus
632 458 808 499 stridens
833 457 876 498 in
900 458 1040 500 limine
1067 459 1223 513 cardo),

190 519 357 574 corripit
381 519 590 574 extemplo
615 519 768 562 fessam
793 520 994 575 languore
1019 521 1200 575 puellam

190 588 227 622 et
253 582 376 622 simul
403 586 445 623 ‘o
470 582 590 623 nobis
615 597 778 624 sacrum
803 582 945 638 caput’
970 583 1103 636 inquit
1129 584 1330 633 ‘alumna,

149 655 159 660 ’
189 658 271 684 non
297 644 370 684 tibi
396 645 648 698 nequiquam
675 645 816 686 viridis
841 660 916 700 per
940 645 1099 687 viscera
1124 646 1256 700 pallor

189 714 381 761 aegrotas
409 707 521 748 tenui
547 707 720 748 suffudit.
745 708 947 762 sanguine
972 723 1113 757 venas,

188 784 265 810 nec
291 769 393 810 levis
419 769 526 810 hanc
551 770 699 811 faciem
726 771 879 824 (neque
905 771 1013 812 enim
1039 772 1151 824 pote)
1177 785 1277 812 cura
1303 770 1480 811 subedit.

187 831 300 872 haud
325 832 445 873 fallor
470 832 597 886 (quod
622 840 668 873 ut
693 847 716 873 o
741 833 892 887 potius,
919 832 1191 881 Rhamnusia,
1217 832 1372 884 fallar):

188 909 284 934 nam
310 909 393 948 qua
417 901 456 936 te
482 909 608 936 causa
632 909 708 936 nec
734 895 866 936 dulcis
891 895 1041 949 pocula
1065 895 1224 936 Bacchi

189 971 266 998 nec
290 957 485 1012 gravidos
513 955 678 998 Cereris
704 957 838 998 dicam
864 957 1104 1011 contingere
1129 958 1250 1007 fetus,

189 1033 272 1072 qua
297 1033 423 1060 causa
447 1019 500 1059 ad
524 1019 702 1074 patrium
729 1019 859 1060 solam
886 1019 1057 1074 vigilare
1083 1020 1233 1069 cubile,

188 1088 373 1136 tempore
398 1095 480 1135 quo
506 1082 635 1123 fessas
661 1082 851 1123 mortalia
876 1089 1045 1136 pectora
1069 1096 1204 1131 curas,

189 1158 271 1197 quo
298 1144 464 1199 rapidos
490 1144 613 1185 etiam
639 1144 904 1198 requiescunt
928 1144 1099 1185 flumina
1123 1144 1291 1185 cursus?

190 1207 256 1247 dic
281 1222 359 1261 age
383 1221 494 1248 nunc
518 1206 693 1248 miserae
719 1207 878 1256 saltem,
904 1207 1016 1261 quod
1042 1222 1166 1262 saepe
1191 1207 1346 1262 petenti

189 1269 355 1310 iurabas
382 1269 483 1311 nihil
509 1285 598 1312 esse
623 1269 738 1319 mihi,
765 1284 839 1311 cur
863 1277 1022 1311 maesta
1046 1271 1227 1324 parentis

189 1332 394 1373 formosos
422 1332 577 1373 circum
602 1332 721 1388 virgo
746 1346 952 1374 remorere
978 1332 1173 1387 capillos?

190 1396 227 1436 ei
252 1395 366 1444 mihi,
391 1410 443 1436 ne
469 1394 584 1436 furor
608 1395 677 1437 ille
702 1402 794 1436 tuos
819 1394 1016 1436 invaserit
1040 1402 1167 1445 artus,

189 1457 270 1507 ille,
298 1458 467 1498 Arabae
494 1457 695 1512 Myrrhae
720 1456 930 1511 quondam
956 1457 1027 1511 qui
1053 1457 1163 1512 cepit.
1187 1457 1352 1507 ocellos,

188 1527 234 1560 ut
259 1520 413 1561 scelere
437 1520 609 1560 infando
635 1520 765 1574 (quod
788 1534 840 1561 ne
866 1520 973 1560 sinat
999 1519 1223 1573 Adrastea)

189 1583 353 1624 laedere
378 1590 601 1636 utrumque
626 1597 710 1623 uno
735 1582 902 1623 studeas
928 1597 1065 1624 errore
1090 1581 1322 1637 parentem!

190 1645 302 1700 quod
327 1645 360 1686 si
386 1645 465 1686 alio
492 1644 638 1699 quovis
664 1645 791 1686 animi
814 1645 978 1686 iactaris
1004 1659 1145 1686 amore

190 1710 303 1760 (nam
329 1715 367 1748 te
393 1708 549 1756 iactari,
574 1722 658 1748 non
684 1715 746 1749 est
771 1707 1023 1748 Amathusia
1046 1707 1174 1749 nostri

190 1779 274 1812 tam
300 1771 427 1819 rudis,
453 1777 499 1810 ut
521 1770 634 1811 nullo
660 1770 814 1825 possim
840 1784 1091 1824 cognoscere
1116 1769 1267 1825 signo),

190 1834 222 1874 si
249 1847 469 1874 concessus
497 1847 611 1873 amor
635 1840 731 1873 noto
756 1839 797 1873 te
822 1840 1004 1874 macerat
1028 1832 1137 1886 igne,

190 1911 263 1951 per
286 1895 361 1936 tibi
386 1894 623 1950 Dictynnae
648 1895 880 1950 praesentia
905 1895 1077 1936 numina
1101 1894 1205 1944 iuro,

190 1958 322 2013 prima
348 1958 473 1999 decus
500 1972 606 2011 quae
632 1958 752 1999 dulce
778 1957 879 1999 mihi
905 1965 943 1999 te
970 1958 1095 1998 donat
1121 1957 1346 2007 alumnam,

191 2020 330 2061 omnia
354 2034 420 2060 me
445 2020 581 2074 potius
608 2019 735 2075 digna
760 2027 884 2074 atque
909 2019 1081 2074 indigna
1104 2019 1294 2060 laborum

191 2082 304 2123 milia
328 2083 523 2132 visuram,
550 2097 675 2136 quam
701 2089 740 2124 te
765 2090 849 2123 tam
874 2082 1059 2123 tristibus
1083 2082 1171 2123 istis

192 2145 382 2186 sordibus
409 2152 449 2186 et
474 2145 587 2187 senio
612 2145 746 2200 patiar
770 2145 982 2186 tabescere
1008 2144 1104 2185 tali?

246 2209 366 2249 Haec
390 2208 585 2262 loquitur,
611 2208 807 2261 mollique
832 2215 875 2248 ut
902 2223 945 2249 se
970 2207 1123 2249 velavit
1146 2206 1314 2256 amictu,

191 2269 431 2324 frigidulam
457 2270 608 2312 iniecta
633 2270 861 2311 circumdat
886 2277 998 2311 veste
1023 2270 1218 2325 puellam,

192 2346 300 2385 quae
324 2332 438 2387 prius
464 2332 506 2373 in
531 2333 644 2374 tenui
670 2340 839 2374 steterat
864 2333 1073 2374 succincta
1098 2338 1271 2373 crocota.

192 2395 329 2435 dulcia
354 2395 503 2436 deinde
529 2395 645 2450 genis
671 2395 905 2436 rorantibus
932 2396 1073 2436 oscula
1097 2395 1229 2450 figens

192 2457 454 2512 persequitur
478 2457 652 2500 miserae
678 2472 824 2499 causas
850 2458 1066 2512 exquirere
1092 2457 1212 2506 tabis,

192 2533 268 2560 nec
293 2527 431 2560 tamon
457 2528 551 2561 ante
576 2520 681 2561 ullas
707 2520 862 2575 patitur
886 2520 964 2561 sibi
989 2520 1160 2562 reddere
1187 2534 1323 2568 voces,

191 2597 467 2627 marmoreum
493 2583 768 2626 tremebunda
792 2583 941 2641 pedem
965 2597 1091 2640 quam
1116 2583 1269 2626 rettulit
1295 2583 1414 2626 intra.
