<?xml version="1.0" encoding="UTF-8"?>
<!DOCTYPE html PUBLIC "-//W3C//DTD XHTML 1.0 Transitional//EN"
    "http://www.w3.org/TR/xhtml1/DTD/xhtml1-transitional.dtd">
<html xmlns="http://www.w3.org/1999/xhtml" xml:lang="en" lang="en">
 <head>
  <title>
</title>
<meta http-equiv="Content-Type" content="text/html;charset=utf-8" />
  <meta name='ocr-system' content='tesseract 3.04.00' />
  <meta name='ocr-capabilities' content='ocr_page ocr_carea ocr_par ocr_line ocrx_word'/>
</head>
<body>
  <div class='ocr_page' id='page_1' title='image "./carmina00virguoft_0274.png"; bbox 0 0 1660 2847; ppageno 0'>
   <div class='ocr_carea' id='block_1_1' title="bbox 151 519 213 550">
    <p class='ocr_par' dir='ltr' id='par_1_1' title="bbox 151 519 213 550">
     <span class='ocr_line' id='line_1_1' title="bbox 151 519 213 550; baseline 0.032 -2"><span class='ocrx_word' id='word_1_1' title='bbox 151 519 213 550; x_wconf 85' lang='lat'>775</span> 
     </span>
    </p>
   </div>
   <div class='ocr_carea' id='block_1_2' title="bbox 149 830 212 861">
    <p class='ocr_par' dir='ltr' id='par_1_2' title="bbox 149 830 212 861">
     <span class='ocr_line' id='line_1_2' title="bbox 149 830 212 861; baseline 0.016 -1"><span class='ocrx_word' id='word_1_2' title='bbox 149 830 212 861; x_wconf 83' lang='lat'>780</span> 
     </span>
    </p>
   </div>
   <div class='ocr_carea' id='block_1_3' title="bbox 148 1142 210 1173">
    <p class='ocr_par' dir='ltr' id='par_1_3' title="bbox 148 1142 210 1173">
     <span class='ocr_line' id='line_1_3' title="bbox 148 1142 210 1173; baseline 0.016 -1"><span class='ocrx_word' id='word_1_3' title='bbox 148 1142 210 1173; x_wconf 86' lang='lat'>785</span> 
     </span>
    </p>
   </div>
   <div class='ocr_carea' id='block_1_4' title="bbox 149 1454 212 1485">
    <p class='ocr_par' dir='ltr' id='par_1_4' title="bbox 149 1454 212 1485">
     <span class='ocr_line' id='line_1_4' title="bbox 149 1454 212 1485; baseline 0 0"><span class='ocrx_word' id='word_1_4' title='bbox 149 1454 212 1485; x_wconf 81' lang='lat'>790</span> 
     </span>
    </p>
   </div>
   <div class='ocr_carea' id='block_1_5' title="bbox 149 1766 211 1797">
    <p class='ocr_par' dir='ltr' id='par_1_5' title="bbox 149 1766 211 1797">
     <span class='ocr_line' id='line_1_5' title="bbox 149 1766 211 1797; baseline 0 0"><span class='ocrx_word' id='word_1_5' title='bbox 149 1766 211 1797; x_wconf 81' lang='lat'>795</span> 
     </span>
    </p>
   </div>
   <div class='ocr_carea' id='block_1_6' title="bbox 149 2079 214 2109">
    <p class='ocr_par' dir='ltr' id='par_1_6' title="bbox 149 2079 214 2109">
     <span class='ocr_line' id='line_1_6' title="bbox 149 2079 214 2109; baseline 0 0"><span class='ocrx_word' id='word_1_6' title='bbox 149 2079 214 2109; x_wconf 89' lang='grc'>800</span> 
     </span>
    </p>
   </div>
   <div class='ocr_carea' id='block_1_7' title="bbox 151 2391 214 2423">
    <p class='ocr_par' dir='ltr' id='par_1_7' title="bbox 151 2391 214 2423">
     <span class='ocr_line' id='line_1_7' title="bbox 151 2391 214 2423; baseline -0.016 0"><span class='ocrx_word' id='word_1_7' title='bbox 151 2391 214 2423; x_wconf 82' lang='grc'>805</span> 
     </span>
    </p>
   </div>
   <div class='ocr_carea' id='block_1_8' title="bbox 241 148 1176 196">
    <p class='ocr_par' dir='ltr' id='par_1_8' title="bbox 241 148 1176 196">
     <span class='ocr_line' id='line_1_8' title="bbox 241 148 1176 196; baseline 0.005 -7"><span class='ocrx_word' id='word_1_8' title='bbox 241 148 324 189; x_wconf 80' lang='grc'>210</span> <span class='ocrx_word' id='word_1_9' title='bbox 654 158 696 192; x_wconf 94' lang='grc' dir='ltr'>Ρ.</span> <span class='ocrx_word' id='word_1_10' title='bbox 717 156 928 194; x_wconf 86' lang='lat' dir='ltr'><strong>VERGILI</strong></span> <span class='ocrx_word' id='word_1_11' title='bbox 952 158 1176 196; x_wconf 86' lang='lat' dir='ltr'><strong>MARONIS</strong></span> 
     </span>
    </p>
   </div>
   <div class='ocr_carea' id='block_1_9' title="bbox 238 261 1408 564">
    <p class='ocr_par' dir='ltr' id='par_1_9' title="bbox 239 261 1301 379">
     <span class='ocr_line' id='line_1_9' title="bbox 241 261 1298 317; baseline 0.003 -16"><span class='ocrx_word' id='word_1_12' title='bbox 241 261 312 315; x_wconf 91' lang='lat' dir='ltr'>qui</span> <span class='ocrx_word' id='word_1_13' title='bbox 336 261 524 302; x_wconf 74' lang='lat' dir='ltr'>iuvenes!</span> <span class='ocrx_word' id='word_1_14' title='bbox 553 268 729 314; x_wconf 85' lang='lat' dir='ltr'>quantas</span> <span class='ocrx_word' id='word_1_15' title='bbox 754 269 974 311; x_wconf 89' lang='lat' dir='ltr'>ostentant,</span> <span class='ocrx_word' id='word_1_16' title='bbox 1000 262 1151 317; x_wconf 90' lang='lat' dir='ltr'>aspice,</span> <span class='ocrx_word' id='word_1_17' title='bbox 1177 262 1298 312; x_wconf 86' lang='lat' dir='ltr'>vires,</span> 
     </span>
     <span class='ocr_line' id='line_1_10' title="bbox 239 324 1301 379; baseline 0.001 -15"><span class='ocrx_word' id='word_1_18' title='bbox 239 330 365 377; x_wconf 87' lang='lat' dir='ltr'>atque</span> <span class='ocrx_word' id='word_1_19' title='bbox 389 324 582 364; x_wconf 90' lang='lat' dir='ltr'>umbrata</span> <span class='ocrx_word' id='word_1_20' title='bbox 605 330 755 378; x_wconf 84' lang='lat' dir='ltr'>gerunt</span> <span class='ocrx_word' id='word_1_21' title='bbox 780 324 891 365; x_wconf 87' lang='lat' dir='ltr'>civili</span> <span class='ocrx_word' id='word_1_22' title='bbox 916 331 1102 379; x_wconf 86' lang='lat' dir='ltr'>tempora-</span> <span class='ocrx_word' id='word_1_23' title='bbox 1126 324 1301 378; x_wconf 70' lang='lat' dir='ltr'>quercui</span> 
     </span>
    </p>

    <p class='ocr_par' dir='ltr' id='par_1_10' title="bbox 238 385 1408 502">
     <span class='ocr_line' id='line_1_11' title="bbox 239 385 1408 440; baseline 0.002 -14"><span class='ocrx_word' id='word_1_24' title='bbox 239 385 279 425; x_wconf 91' lang='lat' dir='ltr'>hi</span> <span class='ocrx_word' id='word_1_25' title='bbox 306 386 379 426; x_wconf 88' lang='lat' dir='ltr'>tibi</span> <span class='ocrx_word' id='word_1_26' title='bbox 406 387 660 427; x_wconf 87' lang='lat' dir='ltr'>Nomentum</span> <span class='ocrx_word' id='word_1_27' title='bbox 685 393 726 427; x_wconf 84' lang='lat' dir='ltr'>et</span> <span class='ocrx_word' id='word_1_28' title='bbox 751 385 909 427; x_wconf 82' lang='lat' dir='ltr'>Gabios</span> <span class='ocrx_word' id='word_1_29' title='bbox 934 386 1165 440; x_wconf 81' lang='lat' dir='ltr'>urbemque</span> <span class='ocrx_word' id='word_1_30' title='bbox 1190 387 1408 436; x_wconf 84' lang='lat' dir='ltr'>Fidenam,</span> 
     </span>
     <span class='ocr_line' id='line_1_12' title="bbox 238 447 1161 502; baseline 0.003 -15"><span class='ocrx_word' id='word_1_31' title='bbox 238 447 280 488; x_wconf 94' lang='lat' dir='ltr'>hi</span> <span class='ocrx_word' id='word_1_32' title='bbox 307 447 536 489; x_wconf 87' lang='lat' dir='ltr'>Collatinas</span> <span class='ocrx_word' id='word_1_33' title='bbox 560 448 773 502; x_wconf 91' lang='lat' dir='ltr'>imponent</span> <span class='ocrx_word' id='word_1_34' title='bbox 797 448 1008 489; x_wconf 89' lang='lat' dir='ltr'>montibus</span> <span class='ocrx_word' id='word_1_35' title='bbox 1033 463 1161 498; x_wconf 83' lang='lat' dir='ltr'>arces,</span> 
     </span>
    </p>

    <p class='ocr_par' dir='ltr' id='par_1_11' title="bbox 238 508 1405 564">
     <span class='ocr_line' id='line_1_13' title="bbox 238 508 1405 564; baseline 0.002 -15"><span class='ocrx_word' id='word_1_36' title='bbox 238 509 448 550; x_wconf 83' lang='lat' dir='ltr'>Pometios</span> <span class='ocrx_word' id='word_1_37' title='bbox 475 508 752 563; x_wconf 80' lang='lat' dir='ltr'>Castrumque</span> <span class='ocrx_word' id='word_1_38' title='bbox 777 510 873 551; x_wconf 89' lang='lat' dir='ltr'>Inui</span> <span class='ocrx_word' id='word_1_39' title='bbox 899 511 1131 564; x_wconf 88' lang='lat' dir='ltr'>Bolamque</span> <span class='ocrx_word' id='word_1_40' title='bbox 1157 510 1405 564; x_wconf 83' lang='lat' dir='ltr'>Coramque.</span> 
     </span>
    </p>
   </div>
   <div class='ocr_carea' id='block_1_10' title="bbox 238 571 1536 621">
    <p class='ocr_par' dir='ltr' id='par_1_12' title="bbox 238 571 1536 621">
     <span class='ocr_line' id='line_1_14' title="bbox 238 571 1536 621; baseline 0.001 -9"><span class='ocrx_word' id='word_1_41' title='bbox 238 571 340 613; x_wconf 86' lang='lat' dir='ltr'>haec</span> <span class='ocrx_word' id='word_1_42' title='bbox 365 579 453 612; x_wconf 87' lang='lat' dir='ltr'>tum</span> <span class='ocrx_word' id='word_1_43' title='bbox 477 572 646 613; x_wconf 91' lang='lat' dir='ltr'>nomina</span> <span class='ocrx_word' id='word_1_44' title='bbox 671 579 803 621; x_wconf 89' lang='lat' dir='ltr'>erunt,</span> <span class='ocrx_word' id='word_1_45' title='bbox 828 587 940 613; x_wconf 90' lang='lat' dir='ltr'>nunc</span> <span class='ocrx_word' id='word_1_46' title='bbox 966 579 1063 613; x_wconf 89' lang='lat' dir='ltr'>sunt</span> <span class='ocrx_word' id='word_1_47' title='bbox 1087 573 1173 614; x_wconf 88' lang='lat' dir='ltr'>sine</span> <span class='ocrx_word' id='word_1_48' title='bbox 1198 572 1365 614; x_wconf 88' lang='lat' dir='ltr'>nomine</span> <span class='ocrx_word' id='word_1_49' title='bbox 1390 580 1536 614; x_wconf 89' lang='lat' dir='ltr'>terrae.</span> 
     </span>
    </p>
   </div>
   <div class='ocr_carea' id='block_1_11' title="bbox 235 634 1448 2680">
    <p class='ocr_par' dir='ltr' id='par_1_13' title="bbox 235 634 1448 2059">
     <span class='ocr_line' id='line_1_15' title="bbox 239 634 1247 687; baseline 0 -13"><span class='ocrx_word' id='word_1_50' title='bbox 239 634 338 687; x_wconf 91' lang='lat' dir='ltr'>quin</span> <span class='ocrx_word' id='word_1_51' title='bbox 364 641 405 675; x_wconf 86' lang='lat' dir='ltr'>et</span> <span class='ocrx_word' id='word_1_52' title='bbox 429 648 507 674; x_wconf 86' lang='lat' dir='ltr'>avo</span> <span class='ocrx_word' id='word_1_53' title='bbox 533 634 724 675; x_wconf 89' lang='lat' dir='ltr'>comitem</span> <span class='ocrx_word' id='word_1_54' title='bbox 750 649 838 675; x_wconf 92' lang='lat' dir='ltr'>sese</span> <span class='ocrx_word' id='word_1_55' title='bbox 864 634 1097 674; x_wconf 85' lang='lat' dir='ltr'>Mavortius</span> <span class='ocrx_word' id='word_1_56' title='bbox 1123 634 1247 675; x_wconf 81' lang='lat' dir='ltr'>addet</span> 
     </span>
     <span class='ocr_line' id='line_1_16' title="bbox 238 695 1322 750; baseline 0 -14"><span class='ocrx_word' id='word_1_57' title='bbox 238 695 455 744; x_wconf 85' lang='lat' dir='ltr'>Romulus,</span> <span class='ocrx_word' id='word_1_58' title='bbox 481 696 678 736; x_wconf 78' lang='lat' dir='ltr'>Assaraci</span> <span class='ocrx_word' id='word_1_59' title='bbox 702 710 826 749; x_wconf 89' lang='lat' dir='ltr'>quem</span> <span class='ocrx_word' id='word_1_60' title='bbox 851 695 1064 750; x_wconf 86' lang='lat' dir='ltr'>sanguinis</span> <span class='ocrx_word' id='word_1_61' title='bbox 1089 695 1168 736; x_wconf 87' lang='lat' dir='ltr'>Ilia</span> <span class='ocrx_word' id='word_1_62' title='bbox 1192 702 1322 736; x_wconf 83' lang='lat' dir='ltr'>mater</span> 
     </span>
     <span class='ocr_line' id='line_1_17' title="bbox 239 757 1353 813; baseline 0 -15"><span class='ocrx_word' id='word_1_63' title='bbox 239 758 397 798; x_wconf 81' lang='lat' dir='ltr'>educet.</span> <span class='ocrx_word' id='word_1_64' title='bbox 445 757 583 806; x_wconf 89' lang='lat' dir='ltr'>viden,</span> <span class='ocrx_word' id='word_1_65' title='bbox 608 766 654 798; x_wconf 89' lang='lat' dir='ltr'>ut</span> <span class='ocrx_word' id='word_1_66' title='bbox 677 758 869 813; x_wconf 83' lang='lat' dir='ltr'>geminae</span> <span class='ocrx_word' id='word_1_67' title='bbox 895 764 1006 798; x_wconf 86' lang='lat' dir='ltr'>stant</span> <span class='ocrx_word' id='word_1_68' title='bbox 1029 757 1182 798; x_wconf 86' lang='lat' dir='ltr'>vertice</span> <span class='ocrx_word' id='word_1_69' title='bbox 1207 757 1353 798; x_wconf 87' lang='lat' dir='ltr'>cristae</span> 
     </span>
     <span class='ocr_line' id='line_1_18' title="bbox 238 819 1325 875; baseline -0.001 -15"><span class='ocrx_word' id='word_1_70' title='bbox 238 826 279 860; x_wconf 87' lang='lat' dir='ltr'>et</span> <span class='ocrx_word' id='word_1_71' title='bbox 302 827 418 874; x_wconf 75' lang='lat' dir='ltr'>pater</span> <span class='ocrx_word' id='word_1_72' title='bbox 442 820 530 875; x_wconf 91' lang='lat' dir='ltr'>ipse</span> <span class='ocrx_word' id='word_1_73' title='bbox 555 834 630 861; x_wconf 92' lang='lat' dir='ltr'>suo</span> <span class='ocrx_word' id='word_1_74' title='bbox 656 835 852 874; x_wconf 88' lang='lat' dir='ltr'>superum</span> <span class='ocrx_word' id='word_1_75' title='bbox 876 820 958 860; x_wconf 84' lang='lat' dir='ltr'>iam</span> <span class='ocrx_word' id='word_1_76' title='bbox 984 819 1122 875; x_wconf 84' lang='lat' dir='ltr'>signat</span> <span class='ocrx_word' id='word_1_77' title='bbox 1145 820 1325 860; x_wconf 80' lang='lat' dir='ltr'>honore?</span> 
     </span>
     <span class='ocr_line' id='line_1_19' title="bbox 238 882 1238 936; baseline 0 -14"><span class='ocrx_word' id='word_1_78' title='bbox 238 898 288 923; x_wconf 90' lang='lat' dir='ltr'>en</span> <span class='ocrx_word' id='word_1_79' title='bbox 312 882 448 931; x_wconf 90' lang='lat' dir='ltr'>huius,</span> <span class='ocrx_word' id='word_1_80' title='bbox 473 890 583 931; x_wconf 88' lang='lat' dir='ltr'>nate,</span> <span class='ocrx_word' id='word_1_81' title='bbox 611 882 802 936; x_wconf 84' lang='lat' dir='ltr'>auspiciis</span> <span class='ocrx_word' id='word_1_82' title='bbox 828 882 897 923; x_wconf 89' lang='lat' dir='ltr'>illa</span> <span class='ocrx_word' id='word_1_83' title='bbox 922 882 1079 922; x_wconf 88' lang='lat' dir='ltr'>incluta</span> <span class='ocrx_word' id='word_1_84' title='bbox 1103 882 1238 922; x_wconf 83' lang='lat' dir='ltr'>Roma</span> 
     </span>
     <span class='ocr_line' id='line_1_20' title="bbox 237 941 1231 998; baseline 0 -14"><span class='ocrx_word' id='word_1_85' title='bbox 237 944 457 998; x_wconf 87' lang='lat' dir='ltr'>imperium</span> <span class='ocrx_word' id='word_1_86' title='bbox 481 944 613 993; x_wconf 90' lang='lat' dir='ltr'>terris,</span> <span class='ocrx_word' id='word_1_87' title='bbox 639 944 798 984; x_wconf 88' lang='lat' dir='ltr'>animos</span> <span class='ocrx_word' id='word_1_88' title='bbox 825 943 1021 997; x_wconf 85' lang='lat' dir='ltr'>aequabit</span> <span class='ocrx_word' id='word_1_89' title='bbox 1046 941 1231 998; x_wconf 84' lang='lat' dir='ltr'>Olympo</span> 
     </span>
     <span class='ocr_line' id='line_1_21' title="bbox 237 1005 1291 1061; baseline 0 -15"><span class='ocrx_word' id='word_1_90' title='bbox 237 1014 478 1061; x_wconf 88' lang='lat' dir='ltr'>septemque</span> <span class='ocrx_word' id='word_1_91' title='bbox 503 1021 588 1047; x_wconf 91' lang='lat' dir='ltr'>una</span> <span class='ocrx_word' id='word_1_92' title='bbox 612 1006 691 1047; x_wconf 86' lang='lat' dir='ltr'>sibi</span> <span class='ocrx_word' id='word_1_93' title='bbox 715 1020 834 1046; x_wconf 88' lang='lat' dir='ltr'>muro</span> <span class='ocrx_word' id='word_1_94' title='bbox 861 1005 1134 1047; x_wconf 83' lang='lat' dir='ltr'>circumdabit</span> <span class='ocrx_word' id='word_1_95' title='bbox 1159 1019 1291 1054; x_wconf 88' lang='lat' dir='ltr'>arces,</span> 
     </span>
     <span class='ocr_line' id='line_1_22' title="bbox 236 1068 1248 1123; baseline -0.002 -13"><span class='ocrx_word' id='word_1_96' title='bbox 236 1069 336 1110; x_wconf 85' lang='lat' dir='ltr'>felix</span> <span class='ocrx_word' id='word_1_97' title='bbox 361 1069 476 1123; x_wconf 90' lang='lat' dir='ltr'>prole</span> <span class='ocrx_word' id='word_1_98' title='bbox 501 1068 655 1109; x_wconf 89' lang='lat' dir='ltr'>virum:</span> <span class='ocrx_word' id='word_1_99' title='bbox 682 1068 816 1121; x_wconf 89' lang='lat' dir='ltr'>qualis</span> <span class='ocrx_word' id='word_1_100' title='bbox 841 1068 1092 1122; x_wconf 88' lang='lat' dir='ltr'>Berecyntia</span> <span class='ocrx_word' id='word_1_101' title='bbox 1115 1075 1248 1109; x_wconf 88' lang='lat' dir='ltr'>mater</span> 
     </span>
     <span class='ocr_line' id='line_1_23' title="bbox 235 1130 1257 1185; baseline -0.001 -14"><span class='ocrx_word' id='word_1_102' title='bbox 235 1131 445 1173; x_wconf 88' lang='lat' dir='ltr'>invehitur</span> <span class='ocrx_word' id='word_1_103' title='bbox 469 1145 593 1172; x_wconf 91' lang='lat' dir='ltr'>curru</span> <span class='ocrx_word' id='word_1_104' title='bbox 618 1130 827 1185; x_wconf 83' lang='lat' dir='ltr'>Phrygias</span> <span class='ocrx_word' id='word_1_105' title='bbox 852 1130 997 1171; x_wconf 88' lang='lat' dir='ltr'>turrita</span> <span class='ocrx_word' id='word_1_106' title='bbox 1022 1145 1095 1184; x_wconf 89' lang='lat' dir='ltr'>per</span> <span class='ocrx_word' id='word_1_107' title='bbox 1118 1130 1257 1178; x_wconf 90' lang='lat' dir='ltr'>urbes,</span> 
     </span>
     <span class='ocr_line' id='line_1_24' title="bbox 235 1192 1295 1248; baseline -0.002 -13"><span class='ocrx_word' id='word_1_108' title='bbox 235 1195 343 1235; x_wconf 89' lang='lat' dir='ltr'>laeta</span> <span class='ocrx_word' id='word_1_109' title='bbox 367 1194 491 1235; x_wconf 91' lang='lat' dir='ltr'>deum</span> <span class='ocrx_word' id='word_1_110' title='bbox 517 1200 652 1248; x_wconf 87' lang='lat' dir='ltr'>partu,</span> <span class='ocrx_word' id='word_1_111' title='bbox 678 1200 845 1234; x_wconf 89' lang='lat' dir='ltr'>centum</span> <span class='ocrx_word' id='word_1_112' title='bbox 870 1192 1086 1247; x_wconf 87' lang='lat' dir='ltr'>complexa</span> <span class='ocrx_word' id='word_1_113' title='bbox 1109 1200 1295 1246; x_wconf 87' lang='lat' dir='ltr'>nepotes,</span> 
     </span>
     <span class='ocr_line' id='line_1_25' title="bbox 237 1254 1279 1309; baseline -0.002 -13"><span class='ocrx_word' id='word_1_114' title='bbox 237 1256 370 1297; x_wconf 90' lang='lat' dir='ltr'>omnis</span> <span class='ocrx_word' id='word_1_115' title='bbox 396 1255 625 1304; x_wconf 86' lang='lat' dir='ltr'>caelicolas,</span> <span class='ocrx_word' id='word_1_116' title='bbox 653 1254 785 1295; x_wconf 91' lang='lat' dir='ltr'>omnis</span> <span class='ocrx_word' id='word_1_117' title='bbox 811 1269 961 1309; x_wconf 89' lang='lat' dir='ltr'>supera</span> <span class='ocrx_word' id='word_1_118' title='bbox 985 1255 1069 1294; x_wconf 88' lang='lat' dir='ltr'>alta</span> <span class='ocrx_word' id='word_1_119' title='bbox 1092 1254 1279 1295; x_wconf 88' lang='lat' dir='ltr'>tenentis.</span> 
     </span>
     <span class='ocr_line' id='line_1_26' title="bbox 238 1315 1448 1372; baseline -0.002 -14"><span class='ocrx_word' id='word_1_120' title='bbox 238 1318 320 1359; x_wconf 89' lang='lat' dir='ltr'>huc</span> <span class='ocrx_word' id='word_1_121' title='bbox 344 1317 531 1372; x_wconf 84' lang='lat' dir='ltr'>geminas</span> <span class='ocrx_word' id='word_1_122' title='bbox 556 1331 668 1358; x_wconf 88' lang='lat' dir='ltr'>nunc</span> <span class='ocrx_word' id='word_1_123' title='bbox 691 1317 811 1358; x_wconf 88' lang='lat' dir='ltr'>flecte</span> <span class='ocrx_word' id='word_1_124' title='bbox 837 1316 960 1366; x_wconf 88' lang='lat' dir='ltr'>acies,</span> <span class='ocrx_word' id='word_1_125' title='bbox 987 1315 1094 1357; x_wconf 88' lang='lat' dir='ltr'>hanc</span> <span class='ocrx_word' id='word_1_126' title='bbox 1119 1315 1256 1370; x_wconf 88' lang='lat' dir='ltr'>aspice</span> <span class='ocrx_word' id='word_1_127' title='bbox 1282 1322 1448 1370; x_wconf 83' lang='lat' dir='ltr'>gentem</span> 
     </span>
     <span class='ocr_line' id='line_1_27' title="bbox 238 1377 1293 1434; baseline -0.004 -12"><span class='ocrx_word' id='word_1_128' title='bbox 238 1380 534 1434; x_wconf 86' lang='lat' dir='ltr'>Romanosque</span> <span class='ocrx_word' id='word_1_129' title='bbox 559 1386 664 1420; x_wconf 83' lang='lat' dir='ltr'>tuos.</span> <span class='ocrx_word' id='word_1_130' title='bbox 713 1379 780 1420; x_wconf 91' lang='lat' dir='ltr'>hic</span> <span class='ocrx_word' id='word_1_131' title='bbox 806 1377 964 1419; x_wconf 88' lang='lat' dir='ltr'>Caesar</span> <span class='ocrx_word' id='word_1_132' title='bbox 988 1385 1029 1419; x_wconf 87' lang='lat' dir='ltr'>et</span> <span class='ocrx_word' id='word_1_133' title='bbox 1052 1378 1186 1419; x_wconf 90' lang='lat' dir='ltr'>omnis</span> <span class='ocrx_word' id='word_1_134' title='bbox 1210 1378 1293 1418; x_wconf 87' lang='lat' dir='ltr'>Iuli</span> 
     </span>
     <span class='ocr_line' id='line_1_28' title="bbox 238 1440 1286 1498; baseline -0.003 -15"><span class='ocrx_word' id='word_1_135' title='bbox 238 1442 471 1498; x_wconf 85' lang='lat' dir='ltr'>progenies,</span> <span class='ocrx_word' id='word_1_136' title='bbox 495 1456 696 1496; x_wconf 86' lang='lat' dir='ltr'>magnum</span> <span class='ocrx_word' id='word_1_137' title='bbox 720 1440 824 1483; x_wconf 89' lang='lat' dir='ltr'>caeli</span> <span class='ocrx_word' id='word_1_138' title='bbox 850 1447 1026 1482; x_wconf 86' lang='lat' dir='ltr'>ventura</span> <span class='ocrx_word' id='word_1_139' title='bbox 1049 1440 1127 1482; x_wconf 91' lang='lat' dir='ltr'>sub</span> <span class='ocrx_word' id='word_1_140' title='bbox 1152 1455 1286 1481; x_wconf 84' lang='lat' dir='ltr'>axem.</span> 
     </span>
     <span class='ocr_line' id='line_1_29' title="bbox 237 1502 1397 1558; baseline -0.003 -12"><span class='ocrx_word' id='word_1_141' title='bbox 237 1506 304 1547; x_wconf 88' lang='lat' dir='ltr'>hic</span> <span class='ocrx_word' id='word_1_142' title='bbox 328 1505 402 1555; x_wconf 90' lang='lat' dir='ltr'>vir,</span> <span class='ocrx_word' id='word_1_143' title='bbox 428 1504 496 1545; x_wconf 91' lang='lat' dir='ltr'>hic</span> <span class='ocrx_word' id='word_1_144' title='bbox 520 1511 594 1553; x_wconf 89' lang='lat' dir='ltr'>est,</span> <span class='ocrx_word' id='word_1_145' title='bbox 621 1504 694 1544; x_wconf 89' lang='lat' dir='ltr'>tibi</span> <span class='ocrx_word' id='word_1_146' title='bbox 719 1518 843 1557; x_wconf 89' lang='lat' dir='ltr'>quem</span> <span class='ocrx_word' id='word_1_147' title='bbox 868 1502 1050 1558; x_wconf 84' lang='lat' dir='ltr'>promitti</span> <span class='ocrx_word' id='word_1_148' title='bbox 1075 1502 1239 1557; x_wconf 88' lang='lat' dir='ltr'>saepius</span> <span class='ocrx_word' id='word_1_149' title='bbox 1265 1502 1397 1551; x_wconf 85' lang='lat' dir='ltr'>audis,</span> 
     </span>
     <span class='ocr_line' id='line_1_30' title="bbox 238 1564 1266 1621; baseline -0.004 -12"><span class='ocrx_word' id='word_1_150' title='bbox 238 1570 459 1621; x_wconf 61' lang='lat' dir='ltr'>Augustus</span> <span class='ocrx_word' id='word_1_151' title='bbox 487 1565 656 1615; x_wconf 88' lang='lat' dir='ltr'>Caesar,</span> <span class='ocrx_word' id='word_1_152' title='bbox 683 1565 767 1606; x_wconf 91' lang='lat' dir='ltr'>divi</span> <span class='ocrx_word' id='word_1_153' title='bbox 791 1580 937 1621; x_wconf 83' lang='lat' dir='ltr'>genus,</span> <span class='ocrx_word' id='word_1_154' title='bbox 963 1580 1090 1606; x_wconf 89' lang='lat' dir='ltr'>aurea</span> <span class='ocrx_word' id='word_1_155' title='bbox 1115 1564 1266 1606; x_wconf 86' lang='lat' dir='ltr'>condet</span> 
     </span>
     <span class='ocr_line' id='line_1_31' title="bbox 237 1627 1236 1683; baseline -0.004 -12"><span class='ocrx_word' id='word_1_156' title='bbox 237 1630 403 1671; x_wconf 88' lang='lat' dir='ltr'>saecula</span> <span class='ocrx_word' id='word_1_157' title='bbox 427 1629 498 1683; x_wconf 90' lang='lat' dir='ltr'>qui</span> <span class='ocrx_word' id='word_1_158' title='bbox 523 1643 664 1669; x_wconf 90' lang='lat' dir='ltr'>rursus</span> <span class='ocrx_word' id='word_1_159' title='bbox 689 1627 814 1668; x_wconf 87' lang='lat' dir='ltr'>Latio</span> <span class='ocrx_word' id='word_1_160' title='bbox 839 1634 1014 1682; x_wconf 81' lang='lat' dir='ltr'>regnata</span> <span class='ocrx_word' id='word_1_161' title='bbox 1038 1642 1112 1682; x_wconf 89' lang='lat' dir='ltr'>per</span> <span class='ocrx_word' id='word_1_162' title='bbox 1137 1642 1236 1668; x_wconf 87' lang='lat' dir='ltr'>arva</span> 
     </span>
     <span class='ocr_line' id='line_1_32' title="bbox 239 1688 1403 1745; baseline -0.004 -11"><span class='ocrx_word' id='word_1_163' title='bbox 239 1692 420 1734; x_wconf 84' lang='lat' dir='ltr'>Saturno</span> <span class='ocrx_word' id='word_1_164' title='bbox 446 1691 668 1745; x_wconf 87' lang='lat' dir='ltr'>quondam,</span> <span class='ocrx_word' id='word_1_165' title='bbox 694 1705 819 1745; x_wconf 92' lang='lat' dir='ltr'>super</span> <span class='ocrx_word' id='word_1_166' title='bbox 843 1697 884 1731; x_wconf 87' lang='lat' dir='ltr'>et</span> <span class='ocrx_word' id='word_1_167' title='bbox 910 1689 1186 1731; x_wconf 86' lang='lat' dir='ltr'>Garamantas</span> <span class='ocrx_word' id='word_1_168' title='bbox 1211 1695 1253 1730; x_wconf 88' lang='lat' dir='ltr'>et</span> <span class='ocrx_word' id='word_1_169' title='bbox 1275 1688 1403 1730; x_wconf 89' lang='lat' dir='ltr'>Indos</span> 
     </span>
     <span class='ocr_line' id='line_1_33' title="bbox 237 1751 1268 1810; baseline -0.005 -14"><span class='ocrx_word' id='word_1_170' title='bbox 237 1755 419 1810; x_wconf 86' lang='lat' dir='ltr'>proferet</span> <span class='ocrx_word' id='word_1_171' title='bbox 442 1753 662 1808; x_wconf 88' lang='lat' dir='ltr'>imperium</span> <span class='ocrx_word' id='word_1_172' title='bbox 688 1753 811 1805; x_wconf 87' lang='lat' dir='ltr'>(iacet</span> <span class='ocrx_word' id='word_1_173' title='bbox 835 1759 951 1793; x_wconf 89' lang='lat' dir='ltr'>extra</span> <span class='ocrx_word' id='word_1_174' title='bbox 975 1751 1110 1793; x_wconf 87' lang='lat' dir='ltr'>sidera</span> <span class='ocrx_word' id='word_1_175' title='bbox 1134 1751 1268 1800; x_wconf 85' lang='lat' dir='ltr'>tellus,</span> 
     </span>
     <span class='ocr_line' id='line_1_34' title="bbox 238 1813 1246 1868; baseline -0.005 -10"><span class='ocrx_word' id='word_1_176' title='bbox 238 1825 355 1859; x_wconf 86' lang='lat' dir='ltr'>extra</span> <span class='ocrx_word' id='word_1_177' title='bbox 379 1816 476 1857; x_wconf 89' lang='lat' dir='ltr'>anni</span> <span class='ocrx_word' id='word_1_178' title='bbox 502 1816 681 1868; x_wconf 89' lang='lat' dir='ltr'>solisque</span> <span class='ocrx_word' id='word_1_179' title='bbox 707 1814 808 1863; x_wconf 86' lang='lat' dir='ltr'>vias,</span> <span class='ocrx_word' id='word_1_180' title='bbox 834 1814 907 1855; x_wconf 91' lang='lat' dir='ltr'>ubi</span> <span class='ocrx_word' id='word_1_181' title='bbox 931 1813 1100 1855; x_wconf 85' lang='lat' dir='ltr'>caelifer</span> <span class='ocrx_word' id='word_1_182' title='bbox 1123 1813 1246 1854; x_wconf 86' lang='lat' dir='ltr'>Atlas</span> 
     </span>
     <span class='ocr_line' id='line_1_35' title="bbox 238 1875 1335 1931; baseline -0.005 -10"><span class='ocrx_word' id='word_1_183' title='bbox 238 1895 360 1922; x_wconf 87' lang='lat' dir='ltr'>axem</span> <span class='ocrx_word' id='word_1_184' title='bbox 384 1893 527 1920; x_wconf 90' lang='lat' dir='ltr'>umero</span> <span class='ocrx_word' id='word_1_185' title='bbox 553 1884 717 1931; x_wconf 89' lang='lat' dir='ltr'>torquet</span> <span class='ocrx_word' id='word_1_186' title='bbox 742 1877 868 1918; x_wconf 89' lang='lat' dir='ltr'>stellis</span> <span class='ocrx_word' id='word_1_187' title='bbox 894 1875 1134 1917; x_wconf 86' lang='lat' dir='ltr'>ardentibus</span> <span class='ocrx_word' id='word_1_188' title='bbox 1160 1878 1335 1930; x_wconf 86' lang='lat' dir='ltr'>aptum).</span> 
     </span>
     <span class='ocr_line' id='line_1_36' title="bbox 239 1937 1321 1993; baseline -0.006 -9"><span class='ocrx_word' id='word_1_189' title='bbox 239 1943 361 1984; x_wconf 88' lang='lat' dir='ltr'>huius</span> <span class='ocrx_word' id='word_1_190' title='bbox 385 1942 428 1982; x_wconf 87' lang='lat' dir='ltr'>in</span> <span class='ocrx_word' id='word_1_191' title='bbox 453 1941 679 1982; x_wconf 87' lang='lat' dir='ltr'>adventum</span> <span class='ocrx_word' id='word_1_192' title='bbox 704 1940 786 1980; x_wconf 91' lang='lat' dir='ltr'>iam</span> <span class='ocrx_word' id='word_1_193' title='bbox 810 1953 921 1980; x_wconf 91' lang='lat' dir='ltr'>nunc</span> <span class='ocrx_word' id='word_1_194' title='bbox 947 1946 987 1980; x_wconf 87' lang='lat' dir='ltr'>et</span> <span class='ocrx_word' id='word_1_195' title='bbox 1012 1937 1168 1992; x_wconf 86' lang='lat' dir='ltr'>Caspia</span> <span class='ocrx_word' id='word_1_196' title='bbox 1191 1952 1321 1993; x_wconf 83' lang='lat' dir='ltr'>regna</span> 
     </span>
     <span class='ocr_line' id='line_1_37' title="bbox 237 2000 1225 2059; baseline -0.006 -13"><span class='ocrx_word' id='word_1_197' title='bbox 237 2004 446 2059; x_wconf 86' lang='lat' dir='ltr'>responsis</span> <span class='ocrx_word' id='word_1_198' title='bbox 470 2004 639 2044; x_wconf 86' lang='lat' dir='ltr'>horrent</span> <span class='ocrx_word' id='word_1_199' title='bbox 663 2003 805 2042; x_wconf 82' lang='lat' dir='ltr'>divum</span> <span class='ocrx_word' id='word_1_200' title='bbox 830 2009 871 2043; x_wconf 86' lang='lat' dir='ltr'>et</span> <span class='ocrx_word' id='word_1_201' title='bbox 894 2001 1080 2042; x_wconf 86' lang='lat' dir='ltr'>Maeotia</span> <span class='ocrx_word' id='word_1_202' title='bbox 1104 2000 1225 2041; x_wconf 87' lang='lat' dir='ltr'>tellus</span> 
     </span>
    </p>

    <p class='ocr_par' dir='ltr' id='par_1_14' title="bbox 238 2062 1246 2122">
     <span class='ocr_line' id='line_1_38' title="bbox 238 2062 1246 2122; baseline -0.007 -13"><span class='ocrx_word' id='word_1_203' title='bbox 238 2075 279 2109; x_wconf 91' lang='lat' dir='ltr'>et</span> <span class='ocrx_word' id='word_1_204' title='bbox 303 2065 620 2122; x_wconf 82' lang='lat' dir='ltr'>septemgemini</span> <span class='ocrx_word' id='word_1_205' title='bbox 645 2065 814 2105; x_wconf 87' lang='lat' dir='ltr'>turbant</span> <span class='ocrx_word' id='word_1_206' title='bbox 838 2064 999 2118; x_wconf 87' lang='lat' dir='ltr'>trepida</span> <span class='ocrx_word' id='word_1_207' title='bbox 1023 2063 1127 2104; x_wconf 89' lang='lat' dir='ltr'>ostia</span> <span class='ocrx_word' id='word_1_208' title='bbox 1150 2062 1246 2103; x_wconf 88' lang='lat' dir='ltr'>Nili.</span> 
     </span>
    </p>

    <p class='ocr_par' dir='ltr' id='par_1_15' title="bbox 237 2124 1167 2174">
     <span class='ocr_line' id='line_1_39' title="bbox 237 2124 1167 2174; baseline -0.006 -3"><span class='ocrx_word' id='word_1_209' title='bbox 237 2145 314 2171; x_wconf 93' lang='lat' dir='ltr'>nec</span> <span class='ocrx_word' id='word_1_210' title='bbox 338 2144 435 2170; x_wconf 90' lang='lat' dir='ltr'>vero</span> <span class='ocrx_word' id='word_1_211' title='bbox 460 2128 632 2169; x_wconf 89' lang='lat' dir='ltr'>Alcides</span> <span class='ocrx_word' id='word_1_212' title='bbox 657 2134 817 2168; x_wconf 88' lang='lat' dir='ltr'>tantum</span> <span class='ocrx_word' id='word_1_213' title='bbox 843 2126 1000 2168; x_wconf 91' lang='lat' dir='ltr'>telluris</span> <span class='ocrx_word' id='word_1_214' title='bbox 1025 2124 1167 2174; x_wconf 91' lang='lat' dir='ltr'>obivit,</span> 
     </span>
    </p>

    <p class='ocr_par' dir='ltr' id='par_1_16' title="bbox 238 2186 1329 2434">
     <span class='ocr_line' id='line_1_40' title="bbox 238 2186 1329 2246; baseline -0.005 -13"><span class='ocrx_word' id='word_1_215' title='bbox 238 2192 375 2234; x_wconf 87' lang='lat' dir='ltr'>fixerit</span> <span class='ocrx_word' id='word_1_216' title='bbox 399 2191 633 2246; x_wconf 87' lang='lat' dir='ltr'>aeripedem</span> <span class='ocrx_word' id='word_1_217' title='bbox 659 2205 824 2231; x_wconf 90' lang='lat' dir='ltr'>cervam</span> <span class='ocrx_word' id='word_1_218' title='bbox 849 2189 958 2237; x_wconf 87' lang='lat' dir='ltr'>licet,</span> <span class='ocrx_word' id='word_1_219' title='bbox 983 2195 1055 2229; x_wconf 86' lang='lat' dir='ltr'>aut</span> <span class='ocrx_word' id='word_1_220' title='bbox 1079 2186 1329 2241; x_wconf 83' lang='lat' dir='ltr'>Erymanthi</span> 
     </span>
     <span class='ocr_line' id='line_1_41' title="bbox 239 2250 1298 2310; baseline -0.007 -14"><span class='ocrx_word' id='word_1_221' title='bbox 239 2255 397 2310; x_wconf 87' lang='lat' dir='ltr'>pacarit</span> <span class='ocrx_word' id='word_1_222' title='bbox 420 2268 590 2295; x_wconf 89' lang='lat' dir='ltr'>nemora</span> <span class='ocrx_word' id='word_1_223' title='bbox 615 2260 656 2294; x_wconf 88' lang='lat' dir='ltr'>et</span> <span class='ocrx_word' id='word_1_224' title='bbox 680 2252 862 2293; x_wconf 90' lang='lat' dir='ltr'>Lernam</span> <span class='ocrx_word' id='word_1_225' title='bbox 888 2250 1160 2292; x_wconf 86' lang='lat' dir='ltr'>tremefecerit</span> <span class='ocrx_word' id='word_1_226' title='bbox 1186 2263 1298 2298; x_wconf 89' lang='lat' dir='ltr'>arcu,</span> 
     </span>
     <span class='ocr_line' id='line_1_42' title="bbox 238 2311 1292 2371; baseline -0.007 -12"><span class='ocrx_word' id='word_1_227' title='bbox 238 2332 316 2359; x_wconf 91' lang='lat' dir='ltr'>nec</span> <span class='ocrx_word' id='word_1_228' title='bbox 341 2317 411 2370; x_wconf 86' lang='lat' dir='ltr'>qui</span> <span class='ocrx_word' id='word_1_229' title='bbox 436 2315 666 2371; x_wconf 88' lang='lat' dir='ltr'>pampineis</span> <span class='ocrx_word' id='word_1_230' title='bbox 692 2315 822 2355; x_wconf 91' lang='lat' dir='ltr'>victor</span> <span class='ocrx_word' id='word_1_231' title='bbox 845 2314 944 2369; x_wconf 84' lang='lat' dir='ltr'>iuga</span> <span class='ocrx_word' id='word_1_232' title='bbox 967 2313 1095 2354; x_wconf 86' lang='lat' dir='ltr'>flectit</span> <span class='ocrx_word' id='word_1_233' title='bbox 1119 2311 1292 2353; x_wconf 87' lang='lat' dir='ltr'>habenis</span> 
     </span>
     <span class='ocr_line' id='line_1_43' title="bbox 240 2374 1249 2434; baseline -0.006 -14"><span class='ocrx_word' id='word_1_234' title='bbox 240 2380 383 2428; x_wconf 85' lang='lat' dir='ltr'>Liber,</span> <span class='ocrx_word' id='word_1_235' title='bbox 411 2394 539 2434; x_wconf 81' lang='lat' dir='ltr'>agens</span> <span class='ocrx_word' id='word_1_236' title='bbox 565 2378 674 2420; x_wconf 88' lang='lat' dir='ltr'>celso</span> <span class='ocrx_word' id='word_1_237' title='bbox 698 2377 841 2432; x_wconf 75' lang='lat' dir='ltr'>Nysae</span> <span class='ocrx_word' id='word_1_238' title='bbox 866 2376 918 2417; x_wconf 91' lang='lat' dir='ltr'>de</span> <span class='ocrx_word' id='word_1_239' title='bbox 941 2375 1094 2417; x_wconf 88' lang='lat' dir='ltr'>vertice</span> <span class='ocrx_word' id='word_1_240' title='bbox 1119 2374 1249 2429; x_wconf 84' lang='lat' dir='ltr'>tigris.</span> 
     </span>
    </p>

    <p class='ocr_par' dir='ltr' id='par_1_17' title="bbox 241 2435 1331 2680">
     <span class='ocr_line' id='line_1_44' title="bbox 242 2435 1331 2485; baseline -0.006 -3"><span class='ocrx_word' id='word_1_241' title='bbox 242 2449 282 2484; x_wconf 89' lang='lat' dir='ltr'>et.</span> <span class='ocrx_word' id='word_1_242' title='bbox 307 2442 545 2482; x_wconf 84' lang='lat' dir='ltr'>dubitamus</span> <span class='ocrx_word' id='word_1_243' title='bbox 570 2440 707 2481; x_wconf 90' lang='lat' dir='ltr'>adhuc</span> <span class='ocrx_word' id='word_1_244' title='bbox 731 2439 926 2480; x_wconf 90' lang='lat' dir='ltr'>virtutem</span> <span class='ocrx_word' id='word_1_245' title='bbox 952 2437 1173 2479; x_wconf 87' lang='lat' dir='ltr'>extendere</span> <span class='ocrx_word' id='word_1_246' title='bbox 1198 2435 1331 2485; x_wconf 88' lang='lat' dir='ltr'>factis,</span> 
     </span>
     <span class='ocr_line' id='line_1_45' title="bbox 242 2498 1304 2557; baseline -0.007 -12"><span class='ocrx_word' id='word_1_247' title='bbox 242 2511 314 2546; x_wconf 88' lang='lat' dir='ltr'>aut</span> <span class='ocrx_word' id='word_1_248' title='bbox 336 2511 470 2545; x_wconf 83' lang='lat' dir='ltr'>metus</span> <span class='ocrx_word' id='word_1_249' title='bbox 497 2502 686 2544; x_wconf 88' lang='lat' dir='ltr'>Ausonia</span> <span class='ocrx_word' id='word_1_250' title='bbox 710 2501 902 2557; x_wconf 86' lang='lat' dir='ltr'>prohibet</span> <span class='ocrx_word' id='word_1_251' title='bbox 926 2499 1147 2542; x_wconf 89' lang='lat' dir='ltr'>consistere</span> <span class='ocrx_word' id='word_1_252' title='bbox 1171 2498 1304 2540; x_wconf 85' lang='lat' dir='ltr'>terra?</span> 
     </span>
     <span class='ocr_line' id='line_1_46' title="bbox 241 2561 1261 2621; baseline -0.007 -13"><span class='ocrx_word' id='word_1_253' title='bbox 241 2567 333 2621; x_wconf 90' lang='lat' dir='ltr'>quis</span> <span class='ocrx_word' id='word_1_254' title='bbox 358 2566 501 2621; x_wconf 88' lang='lat' dir='ltr'>procul</span> <span class='ocrx_word' id='word_1_255' title='bbox 525 2565 593 2606; x_wconf 89' lang='lat' dir='ltr'>ille</span> <span class='ocrx_word' id='word_1_256' title='bbox 618 2571 757 2606; x_wconf 89' lang='lat' dir='ltr'>autem</span> <span class='ocrx_word' id='word_1_257' title='bbox 781 2564 905 2604; x_wconf 89' lang='lat' dir='ltr'>ramis</span> <span class='ocrx_word' id='word_1_258' title='bbox 929 2562 1101 2617; x_wconf 85' lang='lat' dir='ltr'>insignis</span> <span class='ocrx_word' id='word_1_259' title='bbox 1127 2561 1261 2602; x_wconf 88' lang='lat' dir='ltr'>olivae</span> 
     </span>
     <span class='ocr_line' id='line_1_47' title="bbox 241 2627 1258 2680; baseline -0.007 -8"><span class='ocrx_word' id='word_1_260' title='bbox 241 2645 359 2672; x_wconf 87' lang='lat' dir='ltr'>sacra</span> <span class='ocrx_word' id='word_1_261' title='bbox 382 2629 543 2672; x_wconf 83' lang='lat' dir='ltr'>ferens?</span> <span class='ocrx_word' id='word_1_262' title='bbox 567 2642 693 2670; x_wconf 90' lang='lat' dir='ltr'>nosco</span> <span class='ocrx_word' id='word_1_263' title='bbox 718 2627 840 2669; x_wconf 89' lang='lat' dir='ltr'>crinis</span> <span class='ocrx_word' id='word_1_264' title='bbox 864 2627 1095 2680; x_wconf 88' lang='lat' dir='ltr'>incanaque</span> <span class='ocrx_word' id='word_1_265' title='bbox 1117 2630 1258 2666; x_wconf 90' lang='lat' dir='ltr'>menta</span> 
     </span>
    </p>
   </div>
  </div>
 </body>
</html>
