1660 2847
257 152 339 194 248
673 163 715 198 P.
735 162 944 200 VERGILI
969 162 1193 199 MARONIS

256 265 375 315 lecta,
401 265 525 315 dabo,
550 266 805 321 totidemque
831 280 905 307 suo
930 266 1004 307 tibi
1028 267 1194 308 nomine
1218 266 1385 309 Pallas.'

167 337 232 368 520
313 327 397 370 Vix
422 344 472 370 ea
495 328 604 369 fatus
631 336 730 378 erat,
757 328 964 383 defixique
989 343 1061 370 ora
1084 330 1282 371 tenebant

256 389 424 432 Aeneas
450 390 729 433 Anchisiades
754 398 795 433 et
818 391 926 432 fidus
951 391 1135 433 Achates

256 452 471 506 multaque
497 452 602 493 dura
626 467 701 493 suo
727 452 832 494 tristi
857 467 951 494 cum
976 453 1099 495 corde
1123 454 1340 508 putabant,

255 514 298 555 ni
323 515 489 570 signum
514 515 628 556 caelo
655 513 865 570 Cytherea
889 515 1071 557 dedisset
1095 523 1249 570 aperto.

254 591 436 630 namque
461 577 672 632 inproviso
697 577 884 618 vibratus
909 578 962 618 ab
988 577 1152 619 aethere
1177 578 1315 632 fulgor

165 647 229 678 525
255 652 349 679 cum
375 639 512 680 sonitu
537 639 650 681 venit
673 646 714 681 et
737 654 856 681 ruere
881 639 1020 680 omnia
1043 640 1132 681 visa
1155 647 1325 694 repente

255 700 584 756 Tyrrhenusque
608 701 733 743 tubae
758 702 920 757 mugire
944 717 1018 757 per
1042 701 1210 744 aethera
1235 702 1418 756 clangor.

256 762 506 818 suspiciunt:
532 763 681 806 iterum
707 771 830 817 atque
855 764 1004 805 iterum
1030 764 1171 819 fragor
1194 764 1380 819 increpat
1404 763 1571 818 ingen33

256 840 371 866 arma
394 825 501 867 inter
523 826 680 868 nubem
705 826 807 867 caeli
830 826 872 866 in
897 826 1066 880 regione
1091 840 1237 867 serena

255 902 329 941 per
354 887 506 929 sudum
530 887 698 930 rutilare
721 888 864 930 vident
889 895 930 930 et
952 888 1074 942 pulsa
1097 894 1252 929 tonare.

165 959 231 990 530
257 949 494 1004 obstipuere
519 949 666 991 animis
692 949 773 998 alii,
800 949 873 991 sed
898 949 1049 990 Troius
1074 949 1195 991 heros

255 1011 427 1067 agnovit
450 1011 631 1053 sonitum
656 1018 697 1053 et
721 1011 840 1053 divae
865 1011 1069 1066 promissa
1091 1011 1285 1066 parentis.

256 1080 343 1114 tum
369 1080 570 1115 memorat
594 1077 666 1115 ‘ne
690 1087 803 1122 vero,
829 1073 992 1128 hospes,
1018 1089 1071 1116 ne
1096 1088 1250 1128 quaere
1274 1072 1474 1128 profecto,

255 1150 381 1189 quem
406 1150 548 1177 casum
572 1142 762 1191 portenta
786 1136 940 1177 ferant:
966 1150 1045 1191 ego
1070 1150 1218 1191 poscor
1244 1134 1448 1191 Olympo3

255 1197 334 1239 hoc
359 1197 525 1252 signum
550 1198 697 1239 cecinit
720 1198 940 1239 missuram
965 1198 1062 1239 diva
1086 1197 1275 1246 creatrix,

166 1270 229 1300 535
256 1259 290 1300 si
316 1259 471 1301 bellum
496 1260 720 1315 ingrueret,
746 1260 1034 1314 Volcaniaque
1059 1275 1174 1301 arma
1197 1275 1272 1316 per
1295 1273 1416 1301 auras

254 1321 432 1363 laturam
457 1322 625 1363 auxilio.

255 1384 338 1426 heu
362 1391 542 1439 quantae
566 1384 725 1426 miseris
752 1384 900 1427 caedes
926 1384 1211 1427 Laurentibus
1236 1382 1407 1426 instanti

256 1460 360 1500 quas
385 1461 541 1501 poenas
567 1447 681 1496 mihi,
712 1447 869 1496 Turne,
894 1447 1031 1488 dabis!
1063 1461 1188 1501 quam
1212 1447 1343 1487 multa
1367 1445 1444 1487 sub
1469 1444 1600 1486 undas

255 1516 373 1550 scuta
396 1509 532 1550 virum
555 1509 781 1564 galeasque
807 1516 848 1551 et
871 1509 995 1550 fortia
1019 1524 1192 1564 corpora
1216 1508 1370 1557 volves,

167 1582 231 1614 540
256 1571 419 1626 Thybri
444 1571 579 1626 pater!
605 1586 779 1626 poscant
804 1572 912 1613 acies
938 1578 979 1613 et
1002 1571 1170 1613 foedera
1193 1570 1414 1626 rumpant.’

311 1635 431 1675 Haec
454 1633 526 1675 ubi
552 1634 663 1675 dicta
687 1633 813 1683 dedit,
840 1633 942 1675 solio
967 1648 1011 1676 se
1036 1634 1142 1675 tollit
1165 1634 1218 1674 ab
1249 1634 1331 1674 alto

257 1702 298 1738 et
321 1695 500 1751 primum
526 1696 745 1737 Herculeis
770 1696 925 1751 sopitas
949 1695 1117 1751 ignibus
1143 1710 1235 1737 aras

261 1759 415 1801 excitat
438 1758 761 1812 hesternumque
785 1759 915 1800 larem
939 1772 1171 1814 parvosque
1195 1764 1367 1813 penates

257 1821 390 1862 laetus
415 1820 499 1861 adit
508 1836 518 1870 3
544 1827 727 1862 mactant
750 1821 877 1862 lectas
903 1820 954 1862 de
978 1834 1092 1862 more
1117 1820 1297 1861 bidentis

168 1894 232 1925 545
257 1882 482 1924 Euandrus
506 1882 673 1937 pariter,
698 1882 850 1937 pariter
873 1881 1057 1923 Troiana
1079 1882 1285 1923 iuventus.

257 1952 352 2001 post
374 1945 471 1987 hinc
495 1945 549 1986 ad
573 1945 690 1986 navis
715 1945 903 2000 graditur
927 1945 1144 1998 sociosque
1168 1944 1326 1985 revisit:

258 2022 437 2063 quorum
462 2007 513 2049 de
537 2022 724 2056 numero,
750 2007 820 2060 qui
846 2022 935 2049 sese
960 2007 1003 2048 in
1028 2007 1136 2048 bella
1161 2012 1400 2060 sequantur,

258 2070 506 2126 praestantis
531 2069 681 2111 virtute
706 2070 825 2124 legit3
851 2085 946 2124 pars
971 2077 1109 2111 cetera
1132 2083 1266 2124 prona

259 2133 390 2175 fertur
414 2146 523 2186 aqua
547 2132 771 2188 segnisque
796 2132 980 2173 secundo
1005 2131 1150 2173 defluit
1174 2130 1298 2179 amni,

170 2208 235 2239 550
259 2195 404 2237 nuntia
427 2194 603 2237 ventura
626 2194 811 2236 Ascanio
835 2208 1057 2248 rerumque
1081 2193 1305 2249 patrisque.

261 2258 413 2299 dantur
436 2256 532 2311 equi
555 2256 729 2299 Teucris
754 2256 972 2310 Tyrrhena
995 2255 1230 2311 petentibus
1256 2269 1372 2304 arva3

261 2321 420 2363 ducunt
442 2327 628 2362 exortem
651 2320 837 2368 Aeneae,
861 2334 987 2373 quem
1010 2319 1125 2360 fulva
1148 2316 1278 2359 leonis

261 2383 379 2439 pellis
404 2383 491 2424 obit
515 2389 661 2431 totum,
685 2381 952 2437 praefulgens
977 2380 1189 2436 unguibus
1214 2379 1360 2420 aureis.

317 2445 452 2486 Fama
477 2445 589 2486 volat
611 2459 783 2499 parvam
809 2444 945 2484 subito
971 2443 1138 2498 volgata
1161 2457 1236 2497 per
1258 2441 1418 2490 urbem,

172 2520 236 2551 555
262 2507 377 2550 ocius
401 2507 460 2548 ire
484 2507 643 2561 equites
670 2506 876 2560 Tyrrheni
900 2505 953 2546 ad
976 2505 1097 2547 litora
1120 2504 1242 2559 regis.

263 2577 359 2611 vota
382 2576 496 2610 metu
522 2568 733 2623 duplicant
757 2575 921 2617 matres,
947 2566 1198 2622 propiusque
1225 2564 1379 2620 periclo

262 2633 294 2673 it
317 2632 440 2673 timor
463 2637 505 2673 et
527 2630 658 2672 maior
683 2630 832 2671 Martis
856 2630 939 2671 iam
966 2635 1137 2684 apparet.
1159 2627 1311 2683 imago.
