1628 2847
615 151 792 190 CVLEX.

33 258 209 300 candida
233 257 465 300 fundebant
488 257 611 299 tentis
636 257 842 299 velamina
866 256 1004 299 ramis.

31 321 248 376 posterius,
274 321 339 362 cui
364 320 643 374 Demophoon
668 326 836 361 aeterna
859 320 1026 373 reliquit

31 382 205 436 perfidia
228 383 420 431 lamenta,
447 382 530 423 doli
555 382 663 423 male
687 381 860 436 provida
884 381 1047 436 Phyllis

32 444 204 499 (perfide
227 444 506 499 Demophoon
532 451 573 486 et
596 459 681 486 non
705 443 893 485 deflende
918 443 1096 498 puellis).

31 520 158 560 quam
183 507 488 548 comitabantur
511 506 654 548 fatalia
679 505 862 547 carmina
886 520 1078 559 quechS,

31 581 208 621 quercus
234 576 328 610 ante
354 569 488 618 datae,
516 567 682 611 Cereris
706 582 832 622 quam
857 568 1028 617 semina,
1056 568 1185 610 vitae:

29 630 122 672 illas
146 630 392 686 Triptolemi
417 631 591 672 mutavit
617 631 756 672 sulcus
783 630 929 672 aristis.

30 692 98 733 hio
121 708 320 748 magnum
344 694 515 748 Argoae
541 694 637 734 navi
663 693 789 734 decus
815 692 956 733 addita
980 692 1103 748 pinus

30 769 222 810 proceros
249 756 418 797 decorat
442 756 566 797 silvas
592 756 752 796 hirsuta
775 770 849 809 per
873 761 986 796 artus

32 831 80 858 ac
105 817 209 872 petit
233 818 354 859 aeriis
380 818 619 873 contingere
643 817 854 859 montibus
879 823 1002 858 astra.

30 879 133 920 ilicis
157 887 198 921 et
221 881 365 935 nigrae
391 880 551 935 species
575 895 652 922 nec
676 880 785 922 laeta
808 894 1029 934 cupressus

30 942 335 996 umbrosaeque
361 949 532 985 monent
554 942 677 998 fagus
701 942 963 995 hederaeque
987 942 1164 996 ligantes

30 1004 238 1054 bracchia,
265 1006 468 1047 fraternos
493 1006 667 1060 plangat
690 1020 742 1046 ne
768 1005 947 1059 populus
971 1004 1091 1054 ictus,

30 1067 228 1122 ipsaeque
254 1069 460 1110 excedunt
483 1069 536 1110 ad
561 1083 724 1109 summa
748 1067 964 1109 cacumina
989 1068 1126 1109 lentae

30 1130 292 1185 pinguntque
318 1131 507 1172 aureolos
532 1130 653 1171 viridi
678 1130 835 1185 pallore
860 1130 1102 1185 corymbos3

31 1191 124 1246 quis
149 1192 292 1234 aderat
314 1193 465 1234 veteris
490 1199 650 1248 myrtus
676 1207 759 1234 non
784 1192 924 1234 nescia
949 1192 1036 1233 fati.

31 1253 94 1295 his
119 1255 289 1296 suberat
311 1256 459 1310 gelidis
484 1271 659 1296 manans
685 1270 707 1297 e
732 1255 917 1297 fontibus
943 1255 1069 1304 unda,

32 1330 138 1371 quae
162 1317 324 1359 levibus
350 1318 560 1372 placidum
585 1318 683 1359 rivis
709 1325 828 1359 sonat
852 1324 945 1359 acta
969 1317 1190 1371 liquorum.

32 1386 74 1420 at
97 1380 285 1422 volucres
309 1381 460 1435 patulis
485 1380 713 1422 residentes
739 1380 876 1421 dulcia
899 1380 1024 1421 ramis

32 1442 214 1483 carmina
238 1457 311 1498 per
335 1443 470 1484 varios
497 1443 625 1484 edunt
648 1442 884 1484 resonantia
909 1449 1068 1491 cantus,

32 1511 74 1546 et
96 1519 264 1559 quaqua
287 1505 474 1559 geminas
500 1505 639 1546 avium
664 1520 746 1546 vox
771 1505 972 1559 obstrep‘it
997 1519 1131 1554 aures,

31 1566 109 1608 hac
134 1567 327 1620 querulas
352 1567 537 1609 referunt
562 1582 699 1617 voces,
723 1566 816 1621 quis
841 1567 983 1608 nantia
1007 1567 1105 1607 limo

33 1644 205 1684 corpora
227 1630 400 1685 lympha
424 1630 551 1679 fovet,
577 1630 734 1671 sonitus
760 1629 832 1671 alit
857 1629 963 1671 aeris
989 1629 1104 1678 echo,

32 1692 189 1747 argutis
214 1699 255 1734 et
279 1699 429 1734 cuncta
453 1692 638 1733 fremunt
662 1692 833 1733 arbusta
858 1691 1024 1733 cicadis.

33 1762 75 1796 at
98 1755 207 1796 circa
230 1755 385 1810 passim
409 1754 545 1796 fessae
570 1755 751 1797 cubuere
777 1754 960 1809 capellae

33 1817 206 1859 excelsis
233 1817 377 1859 subter
400 1817 549 1867 dumis,
574 1831 678 1872 quos
703 1817 851 1858 leniter
875 1817 1033 1858 adflans

33 1894 134 1920 aura
159 1879 410 1920 susurrantis
434 1880 569 1934 poscit
592 1879 848 1922 confundere
873 1879 998 1920 venti.

88 1942 251 1991 Pastor,
276 1948 324 1982 ut
347 1942 400 1982 ad
424 1942 582 1983 fontem
608 1942 737 1983 densa
761 1941 966 1995 requievit
988 1941 1031 1981 in
1056 1941 1218 1991 umbra,

33 2004 175 2046 mitem
200 2004 389 2059 concepit
415 2004 623 2059 proiectus
648 2004 837 2045 membra
862 2018 1066 2058 soporem,

34 2067 181 2109 anxius
205 2066 366 2108 insidiis
391 2067 528 2116 nullis,
555 2066 629 2108 sed
651 2067 788 2108 lentus
813 2066 855 2107 in
880 2066 1019 2107 herbis

34 2143 179 2171 securo
204 2143 368 2184 pressos
394 2143 538 2170 somno
563 2129 834 2170 mandaverat
859 2135 990 2177 artus3

35 2197 186 2232 stratus
210 2191 325 2232 humi
351 2191 515 2232 dulcem
541 2190 733 2246 capiebat
757 2191 881 2232 corde
906 2191 1100 2245 quietem,

34 2252 77 2294 ni
100 2253 185 2294 fors
209 2253 387 2295 incertos
411 2254 599 2295 iussisset
623 2254 773 2295 ducere
799 2267 933 2295 casus.

34 2331 132 2356 nam
158 2316 324 2357 solitum
349 2316 521 2357 volvens
547 2316 600 2357 ad
624 2322 789 2371 tempus
817 2315 1018 2357 tractibus
1042 2315 1175 2356 isdem

35 2378 213 2420 inmanis
238 2378 352 2420 vario
377 2379 607 2419 maculatus
634 2393 804 2433 corpore
830 2393 1012 2433 serpens,

36 2455 195 2482 mersus
221 2447 267 2482 ut
290 2441 332 2481 in
356 2441 454 2482 limo
480 2455 634 2495 magno
659 2441 892 2482 subsideret
916 2448 1046 2487 aestu,

37 2502 161 2544 obvia
185 2503 363 2544 vibranti
388 2518 559 2558 carpens
584 2503 724 2557 gravis
750 2517 819 2544 ore
843 2502 1043 2557 trilingui,

38 2579 279 2619 squamosos
304 2566 387 2607 late
411 2566 632 2619 torquebat
655 2565 836 2606 motibus
861 2565 1000 2606 orbes:

38 2628 264 2670 tendebant
288 2643 402 2670 acres
427 2628 630 2670 venientis
656 2627 709 2670 ad
734 2627 873 2670 omnia
896 2627 1022 2670 visus.

1295 145 1376 188 359

1405 269 1468 300 130

1406 580 1467 611 135

1408 892 1470 923 140

1407 1206 1468 1236 145

1408 1519 1470 1549 150

1408 1832 1470 1862 155

1409 2140 1472 2171 160

1412 2451 1474 2482 165
