1628 2847
216 114 303 160 370,
819 121 959 159 CIBIS.

128 237 191 269 140
215 227 313 269 olim
338 226 454 282 ipsae
478 232 674 275 metuere,
700 226 806 269 eheu
832 227 1015 282 peritura
1038 227 1179 282 puella.

127 549 189 581 145

127 863 190 894 150

125 1175 188 1206 155

125 1488 189 1519 160

126 1801 188 1832 165

128 2115 191 2146 170

128 2427 190 2457 175

214 304 299 331 non
323 290 396 331 ulli
420 289 576 331 licitam
601 288 829 330 violaverat
852 289 983 330 inscia
1007 290 1161 340 sedem,

216 352 315 393 dum
340 352 467 394 sacris
491 357 663 407 operata
687 351 789 393 deae
813 351 978 393 lascivit
1002 358 1043 393 et
1068 359 1184 393 extra

213 414 401 469 procedit
423 415 548 469 longe
573 420 752 455 matrum
777 413 1057 468 comitumque
1083 421 1306 465 catervam,

213 492 459 532 suspensam
484 475 671 532 gaudens
696 476 739 518 in
764 490 935 531 corpore
960 475 1103 518 ludere
1128 484 1286 518 vestem

215 546 256 581 et
280 539 460 581 tumidos
486 539 670 594 agitante
694 538 808 580 sinus
834 539 1028 592 aquilone
1052 538 1257 581 relaxans.

213 602 393 644 necdum
418 601 542 643 etiam
566 607 701 643 castos
726 607 969 657 gustaverat
991 600 1100 656 ignis
1127 602 1317 654 honores,

213 663 393 706 necdum
418 662 608 705 sollemni
632 662 803 718 lympha
826 662 998 718 perfusa
1022 662 1215 705 sacerdos

214 725 408 781 pallentis
432 725 541 766 foliis
567 732 692 780 caput
716 731 937 767 exornarat
960 724 1112 767 olivae:

214 803 310 830 cum
333 788 453 843 lapsa
477 803 499 830 e
524 788 716 829 manibus
741 787 850 842 fugit
874 787 971 842 pila,
996 801 1164 841 quoque
1189 802 1238 830 ea
1262 788 1379 844 lapsa
1403 794 1478 840 est,

215 850 420 906 procurrit
443 849 576 906 virgo.
624 849 737 903 quod
761 850 822 891 uti
845 864 899 891 ne
923 850 1087 905 prodita
1110 849 1210 892 ludo

213 920 401 955 auratam
426 912 571 966 gracili
596 912 785 953 solvisset
810 926 982 967 corpore
1007 911 1180 966 pallam!

214 975 366 1025 omnia,
391 989 499 1029 quae
523 975 699 1016 retinere
724 974 903 1029 gradum
928 988 1157 1028 cursusque
1181 973 1333 1016 morari

213 1044 396 1094 possent,
421 1052 445 1078 o
470 1044 609 1079 tecum
634 1037 785 1079 vellem
809 1043 855 1078 tu
879 1051 1045 1092 semper
1069 1036 1263 1079 haberes:

212 1116 296 1142 non
321 1115 520 1155 umquam
544 1099 698 1141 violata
721 1114 848 1140 manu
873 1098 1054 1141 sacraria
1077 1099 1198 1141 divae

213 1163 401 1212 iurando,
426 1162 585 1212 infelix,
610 1162 864 1216 nequiquam
888 1161 978 1204 iure
1001 1161 1174 1217 piasses.

213 1233 255 1268 et
279 1225 313 1268 si
337 1225 429 1280 quis
454 1225 645 1266 nocuisse
670 1225 745 1265 tibi
769 1223 951 1280 periuria
975 1224 1130 1272 credat,

213 1303 340 1330 causa
364 1288 433 1343 pia
457 1294 537 1340 est:
563 1286 700 1328 timuit
724 1286 842 1328 fratri
866 1293 906 1329 te
931 1286 1147 1328 ostendere
1173 1286 1292 1328 Iuno.

214 1358 257 1392 at
279 1351 382 1393 levis
407 1350 475 1391 ille
500 1350 617 1399 deus,
643 1349 710 1392 cui
735 1364 899 1405 semper
922 1348 976 1390 ad
999 1349 1285 1391 ulciscendum

214 1414 426 1468 quaeritur
451 1428 502 1455 ex
527 1412 640 1454 omni
664 1412 791 1454 verbo
817 1418 942 1466 atque
966 1411 1116 1453 iniuria
1140 1411 1266 1462 facto,

213 1491 340 1518 aurea
363 1475 540 1531 fulgenti
565 1475 813 1530 depromens
837 1475 922 1517 tela
946 1474 1153 1530 pharetra,

213 1539 295 1581 heu
319 1538 494 1580 nimium
519 1544 649 1579 taetro
674 1538 848 1578 nimium
874 1537 1071 1578 torrentia
1095 1537 1198 1587 viro,

214 1601 386 1656 virginis
410 1601 453 1642 in
478 1607 620 1642 tenera
646 1600 788 1642 defixit
811 1599 1003 1641 acumina
1027 1606 1178 1641 mente.

273 1664 395 1716 Quae
421 1664 543 1705 simul
568 1678 617 1704 ac
642 1663 759 1704 venis
784 1662 922 1703 hausit
947 1662 1180 1704 sitientibus
1205 1661 1346 1717 ignem

215 1734 257 1769 et
281 1726 464 1768 validum
488 1725 654 1781 penitus
680 1725 867 1780 concepit
892 1725 935 1766 in
959 1739 1053 1766 ossa
1077 1724 1275 1775 furorem,

214 1805 339 1831 saeva
362 1789 477 1830 velut
501 1788 649 1844 gelidis
674 1787 872 1829 Edonum
896 1786 1080 1828 Bistonis
1104 1786 1186 1828 oris

214 1852 349 1894 ictave
373 1851 590 1892 barbarico
616 1849 798 1905 Cybeles
824 1850 1007 1891 antistita
1032 1849 1158 1899 buxo,

213 1914 359 1956 infelix
385 1913 502 1968 virgo
527 1919 613 1953 tota
637 1912 865 1954 bacchatur
889 1912 931 1953 in
956 1912 1072 1961 urbe,

214 1992 298 2018 non
323 1983 481 2018 storace
505 1975 634 2016 Idaeo
659 1974 893 2030 fragrantes
917 1974 1046 2016 tincta
1070 1973 1254 2030 capillos,
1284 1971 1287 1974 ’

216 2040 384 2094 cognita
407 2053 492 2080 non
516 2037 667 2080 teneris
692 2037 870 2093 pedibus
896 2036 1095 2092 Sicyonia
1119 2051 1303 2086 servans,

214 2117 298 2144 non
322 2102 444 2143 niveo
469 2101 651 2144 retinens
674 2101 823 2142 bacata
847 2100 1017 2141 monilia
1041 2099 1160 2141 collo.

216 2166 393 2206 multum
418 2164 476 2205 illi
501 2163 657 2204 incerto
683 2162 893 2218 trepidant
916 2161 1093 2217 vestigia
1118 2177 1260 2203 cursu:

215 2242 340 2282 saepe
364 2226 470 2269 redit
494 2226 648 2281 patrios
674 2225 929 2267 adscendere
953 2224 1116 2280 perdita
1140 2238 1294 2274 muros,

216 2290 433 2343 aeriasque
458 2288 557 2330 facit
582 2303 752 2330 causam
778 2287 857 2329 sibi
882 2287 1015 2329 visere
1040 2293 1193 2336 turres3

216 2367 339 2407 saepe
365 2352 488 2393 etiam
514 2350 650 2392 tristes
675 2350 848 2392 volvens
872 2349 915 2391 in
939 2356 1060 2392 nocte
1085 2349 1290 2404 querellas

216 2415 386 2456 sedibus
412 2429 462 2456 ex
488 2414 607 2455 aulae
633 2413 752 2454 celsis
778 2413 1016 2468 speculatur
1039 2426 1223 2453 amorem

217 2484 435 2530 castraque
460 2482 696 2531 prospectat
720 2475 873 2517 crebris
899 2474 1081 2516 lucentia
1104 2475 1294 2516 flammis.

216 2540 330 2581 nulla
356 2540 492 2581 colum
517 2539 645 2589 novit,
672 2553 813 2580 carum
838 2553 923 2579 non
947 2537 1115 2593 respicit
1139 2553 1300 2586 aurum,

217 2617 300 2646 non
327 2610 474 2660 arguta
499 2608 648 2644 sonant
673 2601 786 2643 tenui
811 2600 1006 2657 psalteria
1030 2600 1198 2649 chorda,
