1628 2847
246 139 329 184 322
657 149 701 193 Β.
724 148 934 186 VERGILI
958 150 1183 189 MARONIS

156 264 220 296 910
245 260 287 296 et
310 268 483 297 saevum
505 255 683 296 Aenean
707 254 879 310 agnovit
902 255 1071 297 Turnus
1097 256 1140 298 in
1164 256 1288 299 armis

245 316 553 372 adventumque
577 317 732 372 pedum
756 318 962 372 flatusque
986 319 1146 361 audivit
1170 334 1387 374 equorum.

245 380 525 434 continuoque
549 379 689 421 ineant
712 393 875 435 pugnas
901 386 942 421 et
964 381 1123 435 proelia
1147 388 1363 437 temptent,

243 441 287 482 ni
310 455 454 483 roseus
478 441 609 483 fessos
634 441 716 483 iam
740 442 907 497 gurgite
930 442 1129 485 Phoebus
1153 444 1314 485 Hibero

244 504 408 559 tinguat
433 518 562 559 equos
586 510 835 559 noctemque
861 503 927 547 die
951 504 1118 547 labente
1141 507 1325 548 reducat.

156 577 220 610 915
244 567 466 610 considunt
490 567 634 609 castris
659 573 754 609 ante
779 566 926 609 urbem
952 573 993 609 et
1016 569 1180 611 moenia
1203 569 1371 612 vallant.

662 855 1164 910 AENEIDOS

754 1004 945 1044 LIBER
979 1005 1077 1043 XII.

297 1126 467 1169 Turnus
491 1133 539 1169 ut
560 1126 758 1169 infractos
786 1126 961 1169 adverso
986 1126 1126 1169 Marte
1152 1126 1329 1170 Latinos

242 1189 445 1232 defecisse
470 1190 595 1240 videt,
621 1205 698 1232 sua
721 1203 834 1231 nunc
858 1189 1062 1245 promissa
1085 1191 1262 1245 reposci,

241 1268 286 1295 se
311 1252 468 1308 signari
491 1253 636 1302 oculis,
659 1253 769 1295 ultro
793 1252 1053 1308 inplacabilis
1078 1253 1196 1294 ardet

241 1316 473 1371 attollitque
499 1315 672 1358 animos.
720 1316 960 1357 Poenorum
985 1315 1120 1370 qualis
1144 1315 1188 1356 in
1214 1315 1336 1366 arvis,

196 1390 215 1421 5
241 1379 407 1420 saucius
432 1379 500 1420 ille
527 1378 645 1434 gravi
670 1384 897 1421 venantum
923 1379 1093 1421 vulnere
1118 1385 1277 1434 pectus,

240 1448 329 1483 tum
355 1442 522 1484 demum
547 1448 687 1484 movet
711 1457 827 1483 arma
850 1441 915 1483 leo
940 1441 1181 1497 gaudetque
1206 1440 1407 1483 comantis

241 1505 455 1547 excutiens
480 1504 641 1547 cervice
666 1511 777 1546 toros
801 1504 1015 1558 fixumque
1039 1504 1210 1546 latronis

239 1568 462 1623 inpavidus
486 1567 642 1622 frangit
667 1568 796 1608 telum
822 1574 863 1609 et
887 1567 1027 1609 fremit
1051 1582 1121 1609 ore
1146 1573 1338 1610 cruento:

240 1631 354 1673 haud
378 1645 499 1673 secus
525 1645 701 1673 accenso
727 1630 865 1686 gliscit
888 1630 1084 1672 violentia
1108 1630 1265 1672 Turno.

175 1704 216 1736 10
240 1700 329 1735 tum
355 1693 413 1735 sic
438 1693 606 1734 adfatur
628 1708 772 1749 regem
797 1700 922 1747 atque
946 1693 1004 1734 ita
1029 1692 1218 1734 turbidus
1243 1691 1352 1734 infit:

241 1757 375 1798 ‘nulla
398 1770 515 1798 mora
538 1756 582 1797 in
606 1756 770 1806 Turn03
794 1755 897 1797 nihil
921 1762 997 1805 est,
1022 1755 1136 1809 quod
1161 1755 1272 1797 dicta
1294 1760 1519 1797 retractent

239 1818 382 1874 ignavi
405 1818 648 1868 Aeneadae,
671 1832 749 1860 nec
774 1832 882 1873 quae
906 1817 1104 1874 pepigere
1127 1824 1338 1860 recusent:

240 1881 496 1938 congredior.
546 1881 609 1924 fer
633 1896 764 1931 sacra,
789 1887 920 1936 pater,
945 1887 987 1922 et
1011 1881 1182 1936 concipe
1207 1881 1367 1923 foedus.

240 1951 314 1987 aut
337 1945 415 1986 hac
439 1944 702 1986 Dardanium
728 1944 875 1986 dextra
898 1944 977 1986 sub
1001 1944 1178 1985 Tartara
1201 1944 1377 1994 mittam,

175 2017 215 2049 15
241 2007 493 2050 desertorem
517 2007 661 2057 Asiae,
687 2006 876 2060 (sedeant
899 2013 1170 2062 spectentque
1194 2005 1355 2059 Latini)

241 2077 282 2112 et
306 2070 418 2112 solus
441 2069 551 2112 ferro
577 2069 734 2112 crimen
758 2083 977 2112 commune
1001 2069 1205 2119 refellam,

240 2139 314 2174 aut
337 2133 490 2174 habeat
513 2132 659 2182 victos,
685 2132 805 2174 cedat
829 2131 1011 2174 Lavinia
1035 2130 1242 2174 coniunx)

298 2193 386 2237 Olli
411 2195 554 2237 sedato
579 2195 793 2251 respondit
817 2195 941 2236 corde
965 2194 1164 2236 Latinus:

241 2262 285 2299 ‘o
309 2264 524 2314 praestans
549 2257 676 2299 animi
699 2257 876 2307 iuvenis,
900 2265 1104 2312 quantum
1128 2256 1218 2312 ipse
1242 2255 1371 2298 feroci

174 2332 216 2363 20
241 2321 392 2362 virtute
418 2335 636 2375 exuperas,
661 2326 775 2361 tanto
800 2335 867 2362 me
891 2319 1106 2375 inpensius
1132 2333 1313 2373 aequum
1338 2324 1401 2360 est

178 2417 181 2420 .
241 2384 456 2426 consulere
481 2390 605 2437 atque
631 2382 764 2424 omnis
789 2389 1043 2424 metuentem
1069 2381 1301 2437 expendere
1326 2395 1460 2423 casm.

242 2453 338 2488 sunt
362 2446 437 2487 tibi
460 2461 591 2500 regna
614 2445 744 2501 patris
768 2444 926 2495 Dauni,
953 2452 1048 2486 sunt
1073 2443 1226 2499 oppida
1250 2450 1372 2499 capta

240 2509 372 2550 multa
395 2524 535 2559 manu,
560 2523 638 2550 nec
661 2523 746 2550 non
771 2522 1002 2561 aurumque
1027 2507 1275 2561 animusque
1299 2505 1453 2547 Latino
1481 2512 1554 2550 est.

241 2579 338 2613 sunt
361 2571 466 2612 aliae
491 2571 690 2626 innuptae
716 2570 840 2612 Latio
866 2577 906 2612 et
930 2570 1214 2612 Laurentibus
1239 2568 1363 2619 arvis,

174 2645 215 2677 25
240 2649 317 2677 nec
341 2648 473 2689 genus
499 2633 727 2676 indecores.
775 2633 862 2675 sine
887 2648 953 2675 me
977 2633 1081 2675 haec
1105 2632 1218 2674 haud
1242 2631 1382 2673 mollia
1410 2631 1500 2673 fatu

1596 2698 1599 2717 Ι
