1622 2847
258 156 313 198 46
674 165 718 200 Ρ.
739 164 950 201 VERGILI
974 165 1199 204 MARONIS

258 284 393 320 nosse,
419 276 521 324 quot
544 269 651 311 Ionii
676 269 845 312 veniant
870 270 922 311 ad
945 269 1067 312 litora
1088 271 1253 313 fluctus.

312 332 403 374 Nec
426 346 525 374 vero
550 340 682 374 terrae
706 332 813 374 ferre
839 346 981 374 omnes
1006 333 1144 375 omnia
1168 339 1354 388 possunt.

169 406 233 436 110
257 394 498 436 fluminibus
524 395 670 436 salices
696 395 928 448 crassisque
952 395 1174 450 paludibus
1200 395 1282 437 alni

255 464 495 505 nascuntur,
520 457 679 498 steriles
704 457 862 498 saxosis
886 457 1097 499 montibus
1122 458 1230 507 orni3

255 519 375 560 litora
398 519 587 573 myrtetis
611 519 854 568 laetissima3
881 519 1060 574 denique
1085 527 1249 575 apertos

254 581 446 623 Bacchus
472 589 583 622 amat
609 582 746 630 colles,
773 581 1009 634 aquilonem
1035 590 1075 624 et
1099 583 1254 637 frigora
1279 581 1376 623 taxi.

255 645 393 699 aspice
418 651 459 685 et
484 644 678 685 extremis
704 644 908 685 domitum
933 645 1157 686 cultoribus
1184 645 1327 686 orbem

167 718 229 749 115
255 721 435 760 eoasque
461 706 604 747 domos
629 705 822 747 Arabum
847 706 1063 760 pictosque
1090 706 1294 748 Gelonos:

254 769 412 810 divisae
438 768 655 810 arboribus
679 768 849 823 patriae.
899 769 986 809 sola
1010 769 1132 810 India
1156 769 1321 823 nigrum

253 831 334 873 fert
357 830 581 880 hebenum,
607 830 704 872 solis
729 838 790 871 est
816 838 932 871 turea
957 831 1075 885 virga
1101 830 1288 873 Sabaeis.

253 894 354 948 quid
378 893 455 935 tibi
479 894 649 935 odorato
675 893 852 935 referam
877 894 1068 934 sudantia
1093 893 1206 948 ligno

252 957 522 1010 balsamaque
547 963 588 998 et
613 956 738 997 bacas
764 970 928 1010 semper
952 956 1181 997 frondentis
1207 955 1397 997 acanthi?

164 1031 227 1062 120
252 1019 353 1073 quid
376 1033 547 1060 nemora
571 1018 828 1072 Aethiopum
854 1018 967 1058 molli
992 1018 1182 1059 canentia
1205 1018 1324 1059 lana?

251 1082 489 1135 velleraque
514 1088 560 1122 ut
584 1080 693 1121 foliis
719 1081 940 1135 depectant
964 1080 1105 1122 tenuia
1131 1080 1279 1122 Seres?

251 1151 322 1185 aut
347 1158 450 1197 quos
477 1142 649 1185 Oceano
675 1143 843 1198 propior
867 1143 974 1197 gerit
997 1143 1119 1184 India
1142 1143 1271 1191 lucos,

251 1206 424 1249 extremi
449 1206 562 1247 sinus
587 1205 712 1255 orbis,
737 1205 810 1246 ubi
835 1220 931 1246 aera
955 1205 1119 1247 vincere
1144 1220 1353 1246 summum

250 1268 408 1310 arboris
433 1268 547 1309 haud
572 1268 681 1308 ullae
705 1267 816 1308 iactu
841 1274 1013 1321 potuere
1039 1267 1239 1321 sagittae?

163 1343 224 1374 125
253 1338 293 1373 et
318 1345 421 1386 gens
446 1330 517 1371 illa
542 1330 710 1384 quidem
736 1329 910 1384 sumptis
935 1344 1019 1370 non
1043 1329 1161 1370 tarda
1185 1329 1400 1385 pharetris.

249 1393 395 1434 Media
418 1392 498 1434 fert
522 1392 649 1432 tristis
675 1406 795 1432 sucos
821 1391 1068 1446 tardumque
1094 1406 1283 1447 saporem

250 1456 381 1497 felicis
406 1454 517 1502 mali,
543 1469 625 1508 quo
649 1468 733 1495 non
757 1454 1017 1509 praesentius
1042 1455 1187 1503 ullum,

249 1518 400 1573 pocula
424 1517 628 1571 siquando
654 1532 801 1558 saevae
827 1516 1007 1558 infecere
1031 1531 1234 1558 novercae

251 1580 608 1636 [miscueruntque
634 1579 784 1620 herbas
810 1586 850 1620 et
874 1594 957 1620 non
982 1579 1152 1620 innoxia
1176 1577 1335 1633 verba‚]

161 1656 224 1687 130
249 1643 452 1685 auxilium
476 1642 589 1683 venit
614 1656 662 1683 ac
687 1641 882 1682 membris
908 1641 993 1696 agit
1018 1649 1107 1682 atra
1131 1656 1304 1683 venena.

247 1706 339 1761 ipsa
363 1706 511 1759 ingens
537 1704 658 1745 arbos
685 1704 918 1757 faciemque
944 1703 1152 1745 simillima
1175 1704 1291 1745 lauro

249 1769 319 1820 (et,
346 1767 379 1809 si
403 1782 485 1808 non
512 1766 639 1807 alium
664 1767 745 1807 late
769 1766 941 1808 iactaret
971 1767 1153 1816 odorem,

247 1832 389 1872 laurus
415 1831 538 1881 erat);
565 1829 663 1869 folia
688 1829 800 1869 haud
825 1829 919 1870 ullis
943 1829 1128 1870 labentia
1152 1829 1303 1878 ventis3

248 1894 323 1935 flos
349 1893 402 1934 ad
426 1892 560 1947 prima
584 1898 726 1940 tenax3
754 1891 911 1932 animas
937 1898 977 1932 et
1003 1891 1155 1933 olentia
1179 1891 1298 1932 Medi

160 1967 222 1997 135
248 1971 320 1997 ora
344 1955 489 1996 fovent
512 1954 582 1995 illo
608 1961 648 1994 et
673 1953 840 1994 senibus
864 1953 1123 1995 medicantur
1148 1953 1318 1995 anhelis.

304 2018 387 2060 Sed
410 2031 545 2070 neque
569 2016 795 2057 Medorum
821 2016 948 2057 silvae
974 2015 1176 2056 ditissima
1201 2023 1310 2057 terra

247 2095 324 2122 nec
348 2079 522 2134 pulcher
547 2078 719 2134 Ganges
745 2086 869 2132 atque
895 2093 995 2119 auro
1021 2078 1209 2119 turbidus
1236 2079 1420 2120 Hermus

247 2142 441 2184 laudibus
465 2142 611 2183 Italiae
637 2148 808 2190 certent,
833 2155 915 2182 non
939 2140 1093 2182 Bactra
1116 2154 1252 2194 neque
1278 2140 1370 2181 Indi

248 2213 417 2258 totaque
442 2203 622 2245 turiferis
647 2203 861 2244 Panchaia
884 2203 1050 2258 pinguis
1076 2202 1251 2244 harenis.

161 2280 224 2310 140
249 2268 352 2309 haec
376 2267 467 2307 loca
490 2281 572 2307 non
599 2266 707 2306 tauri
731 2266 932 2321 spirantes
957 2265 1126 2306 naribus
1151 2264 1291 2319 ignem

248 2331 452 2371 invertere
478 2329 575 2369 satis
600 2329 792 2369 immanis
818 2328 1011 2369 dentibus
1037 2327 1157 2382 hydri

249 2407 326 2434 nec
351 2391 481 2447 galeis
507 2391 728 2444 densisque
754 2391 887 2431 virum
913 2405 1031 2445 seges
1056 2390 1215 2431 horruit
1239 2389 1381 2440 hastis,

250 2455 322 2497 sed
347 2454 544 2509 gravidae
570 2453 712 2508 fruges
739 2460 779 2494 et
803 2452 961 2494 Bacchi
985 2452 1193 2493 Massicus
1217 2466 1337 2493 umor

249 2518 487 2572 implevere,
514 2523 654 2557 tenent
679 2515 794 2557 oleae
820 2522 1089 2568 armentaque
1113 2515 1233 2556 laeta.

163 2592 224 2623 145
250 2580 345 2621 hinc
370 2580 544 2620 bellator
568 2593 698 2632 equus
725 2592 872 2632 campo
898 2593 987 2619 sese
1012 2577 1167 2618 arduus
1192 2577 1328 2626 infert,

252 2642 347 2684 hinc
372 2641 468 2691 albi,
496 2641 718 2690 Clitumne,
744 2655 894 2697 greges
921 2647 959 2682 et
984 2640 1166 2682 maxima
1192 2647 1335 2682 taurus
