1628 2847
198 153 281 197 332
609 162 654 199 Ρ.
674 161 884 200 VERGILI
908 161 1134 200 MARONIS

195 268 265 310 ille
289 274 428 310 tamen
453 267 586 323 clipeo
610 267 773 309 obiecto
798 281 1023 309 conversus
1047 267 1090 308 in
1114 266 1277 310 hostem

197 331 286 372 ibat
309 338 350 372 et
374 330 575 372 auxilium
599 329 724 371 ducto
749 344 947 372 mucrone
970 330 1151 385 petebat,

198 409 293 435 cum
318 400 408 434 rota
432 392 700 448 praecipitem
726 400 767 434 et
791 406 992 447 procursu
1018 393 1204 434 concitus
1230 392 1318 434 axis

107 467 172 498 380
197 456 362 511 impulit
387 455 648 509 effunditque
673 455 761 496 solo
785 455 1038 508 Turnusque
1063 462 1229 496 secutus

196 519 323 559 imam
348 518 455 559 inter
479 517 643 572 galeam
668 517 819 558 summi
844 516 1022 558 thoracis
1048 525 1089 558 et
1112 532 1204 558 oras

196 581 367 622 abstulit
393 595 489 621 ense
514 586 641 635 caput
663 586 941 633 truncumque
965 580 1131 632 reliquit
1155 579 1347 620 harenae.

253 644 396 696 Atque
422 657 470 683 ea
495 641 594 682 dum
621 641 777 696 campis
803 640 935 682 victor
959 641 1029 681 dat
1053 641 1201 682 funera
1224 641 1408 690 Turnus,

195 704 353 746 interea
378 704 553 745 Aenean
577 703 825 745 Mnestheus
851 710 892 744 et
914 702 1022 744 fidus
1047 702 1233 744 Achates

106 778 170 809 385
196 767 490 820 Ascaniusque
515 781 654 808 comes
681 766 825 807 castris
851 772 1032 807 statuere
1058 772 1288 814 cruentum,

196 830 375 871 alternos
400 829 528 884 longa
551 829 752 871 nitentem
777 828 948 882 cuspide
973 842 1155 882 gressus.

196 892 327 934 saevit
351 898 391 933 et
414 891 592 932 infracta
615 891 798 932 luctatur
822 890 1054 931 harundine
1080 889 1210 931 telum

195 955 353 1008 eripere
378 954 616 1007 auxilioque
642 953 767 1002 viam,
793 967 900 1006 quae
926 953 1128 1007 proxima,
1154 951 1305 1007 poscit3

196 1032 292 1058 cnse
317 1023 458 1057 secent
481 1017 565 1057 lato
591 1016 742 1056 vulnus
768 1015 921 1068 telique
945 1015 1124 1056 latebras

106 1090 171 1120 390
195 1078 434 1120 rescindant
457 1078 622 1133 penitus
648 1091 821 1131 seseque
846 1077 888 1118 in
913 1077 1023 1118 bella
1047 1077 1269 1119 remittant.

194 1142 361 1195 iamque
386 1141 529 1182 aderat
552 1141 728 1182 Phoebo
754 1147 849 1182 ante
875 1140 976 1181 alios
1002 1140 1175 1182 dilectus
1201 1139 1335 1194 Iapyx

197 1204 368 1253 Iasides,
395 1203 479 1245 acri
504 1204 717 1257 quondam
742 1203 809 1244 cui
835 1210 980 1257 captus
1007 1216 1146 1243 amore

195 1267 284 1321 ipse
309 1281 405 1307 suas
431 1272 554 1315 artes,
579 1280 655 1306 sua
679 1279 865 1313 munera,
891 1265 1024 1306 laetus
1051 1264 1204 1319 Apollo

196 1327 418 1383 augurium
444 1327 730 1380 citharamque
755 1326 882 1367 dabat
907 1326 1134 1379 celerisque
1158 1325 1344 1381 sagittas.

105 1403 168 1433 395
194 1391 276 1440 ille,
302 1398 348 1432 ut
373 1390 550 1446 depositi
574 1390 778 1445 proferret
802 1389 888 1430 fata
912 1389 1109 1444 parentis,

196 1454 299 1496 scire
325 1460 551 1508 potestates
576 1453 800 1495 herbarum
825 1466 1031 1506 usumque
1056 1450 1251 1493 medendi

195 1515 341 1558 maluit
367 1523 408 1557 et
430 1522 568 1557 mutas
593 1516 751 1570 agitare
775 1514 977 1569 inglorius
1003 1520 1124 1555 artes.

196 1579 333 1620 stabat
358 1579 510 1620 acerba
534 1579 730 1627 fremens,
756 1577 970 1632 ingentem
993 1576 1116 1617 nixus
1141 1576 1183 1616 in
1207 1575 1383 1625 hastam,

196 1642 378 1691 Aeneas,
404 1656 557 1696 magno
582 1641 781 1682 iuvenum
807 1647 848 1681 et
871 1638 1093 1680 maerentis
1118 1638 1199 1679 Iuli

105 1716 170 1746 400
196 1719 414 1753 concursu,
439 1703 620 1745 lacrimis
646 1702 869 1744 inmobilis.
917 1702 986 1743 ille
1011 1708 1163 1742 retorto

194 1767 429 1808 Paeonium
453 1766 496 1807 in
519 1781 677 1808 morem
703 1765 839 1806 senior
864 1764 1100 1805 succinctus
1126 1762 1279 1805 amictu

195 1829 326 1870 multa
350 1844 479 1870 manu
502 1827 664 1870 medica
688 1827 934 1880 Phoebique
959 1826 1198 1881 potentibus
1223 1825 1361 1867 herbis

195 1892 451 1946 nequiquam
476 1891 667 1946 trepidat,
693 1890 946 1943 nequiquam
972 1888 1132 1944 spicula
1156 1888 1302 1929 dextra
1625 1912 1628 1945 ξ

197 1955 390 1996 sollicitat
414 1960 665 2009 prensatque
691 1952 826 1994 tenaci
851 1951 1009 2006 forcipe
1034 1950 1202 1991 ferrum.
1625 1946 1628 1992 ὲ

107 2029 171 2060 405
196 2017 312 2058 nulla
336 2017 447 2058 viam
471 2016 660 2058 Fortuna
683 2015 804 2070 regit,
830 2014 931 2055 nihil
956 2020 1100 2055 auctor
1124 2013 1278 2067 Apollo

197 2080 402 2129 subvenit,
429 2086 471 2121 et
494 2094 642 2121 saevus
669 2077 825 2132 campis
851 2076 984 2131 magis
1010 2091 1058 2118 ac
1083 2076 1216 2131 magis
1241 2077 1385 2116 horror

199 2142 423 2184 crebrescit
447 2142 701 2196 propiusque
726 2140 882 2180 malum
908 2145 982 2180 est.
1032 2138 1114 2179 iam
1138 2138 1310 2192 pulvere
1336 2137 1498 2179 caelum

199 2212 307 2247 stare
332 2205 488 2253 vident,
515 2204 779 2257 subeuntque
805 2201 964 2255 equites
991 2208 1031 2242 et
1055 2201 1215 2255 spicula
1239 2200 1382 2242 castris

199 2267 327 2308 densa
352 2266 508 2308 cadunt
531 2266 691 2307 mediis.
739 2264 772 2305 it
796 2264 923 2304 tristis
949 2263 1003 2304 ad
1027 2263 1195 2304 aethera
1219 2263 1375 2304 clamor

107 2340 173 2372 410
197 2330 427 2371 bellantum
452 2328 650 2370 iuvenum
676 2333 718 2369 et
742 2327 845 2367 duro
872 2326 950 2367 sub
975 2325 1114 2366 Marte
1139 2325 1374 2367 cadentum.

199 2392 267 2433 hic
291 2392 451 2439 Venus,
478 2391 648 2445 indigno
673 2389 759 2430 nati
785 2403 986 2430 concussa
1011 2388 1165 2437 dolore,

198 2454 455 2496 dictamnum
479 2453 668 2508 genetrix
694 2451 870 2494 Cretaea
898 2450 1031 2505 carpit
1054 2450 1107 2491 ab
1134 2449 1224 2500 Ida,

199 2516 428 2572 puberibus
454 2516 616 2557 caulem
641 2514 749 2556 foliis
775 2521 816 2555 et
839 2514 940 2554 flore
965 2519 1197 2554 comantem

201 2593 430 2634 purpure03
455 2593 539 2619 non
564 2578 633 2618 illa
658 2577 756 2619 feris
779 2575 992 2631 incognita
1016 2575 1150 2630 capris

96 2654 175 2687 ‚415
201 2642 404 2700 gramina,
431 2656 525 2682 cum
551 2647 668 2696 tergo
694 2639 881 2682 volucres
907 2639 1077 2681 haesere
1101 2638 1290 2695 sagittae.
1626 2642 1628 2662 ¹
