1660 2847
537 157 790 194 AENEIDOS
813 157 908 193 LIB.
933 157 1000 195 VI.
1356 149 1437 192 209

99 263 333 318 terrenique
357 263 554 305 hebetant
576 269 690 303 artus
709 262 1046 316 *moribundaque
1069 262 1269 303 membra.

97 325 194 366 hinc
213 332 401 367 metuunt
414 324 682 380 cupiuntque,
703 324 845 365 dolent
862 324 1144 379 gaudentque,
1162 338 1299 378 neque
1319 339 1439 366 auras

99 387 320 441 dispiciunt
345 388 508 429 clausae
532 386 713 427 tenebris
739 393 779 427 et
803 400 967 427 carcere
992 400 1126 428 caecO.

98 448 198 501 quin
223 456 264 490 et
287 463 478 503 supremo
503 462 598 489 cum
622 447 777 488 lumine
801 447 886 488 vita
909 447 1087 501 reliquit,
1466 459 1528 489 735

98 524 181 551 non
205 516 344 551 tamen
367 524 489 551 omne
512 509 670 550 malum
693 509 852 551 miseris
877 524 954 551 nec
978 509 1165 551 funditus
1191 524 1334 551 omnes

99 585 319 626 corporeae
343 572 551 613 excedunt
573 578 724 626 pestes,
749 571 997 626 penitusque
1021 586 1191 614 necesse
1216 578 1278 614 est

98 634 228 675 multa
252 633 323 674 diu
348 640 540 675 concreta
563 632 696 673 modis
721 633 947 675 inolescere
971 633 1098 674 miris.

99 709 197 750 ergo
223 702 465 736 exercentur
488 694 632 749 poenis
657 702 927 749 veterumque
952 695 1155 736 malorum

99 756 300 811 supplicia
323 757 581 811 expendunt:
607 756 713 797 aliae
738 757 978 811 panduntur
1000 757 1145 798 inanes
1466 769 1530 799 740

98 832 321 873 suspensae
346 819 399 860 ad
422 826 581 868 ventos,
607 818 695 859 aliis
721 819 800 860 sub
824 819 990 874 gurgite
1015 826 1131 860 vasto

96 878 297 921 infectum
322 880 472 922 eluitur
496 881 630 922 scelus
656 887 729 921 aut
754 880 938 922 exuritur
961 881 1060 936 igni.

96 941 272 995 quisque
296 957 392 984 suos
416 943 596 997 patimur
619 942 764 983 manis.
814 943 962 984 exinde
987 958 1062 998 per
1086 943 1269 997 amplum

96 1003 297 1045 mittimur
320 1005 511 1059 Elysium
536 1012 577 1046 et
600 1005 722 1059 pauci
746 1005 855 1046 laeta
879 1020 979 1046 arva
1003 1012 1205 1054 tenemus,

97 1065 229 1107 donec
252 1067 379 1121 longa
403 1067 503 1115 dies,
528 1066 714 1121 perfecto
739 1066 936 1121 temporis
961 1067 1074 1116 orbe,
1466 1079 1528 1109 745

97 1135 329 1169 concretam
355 1128 508 1170 exemit
530 1128 669 1169 labem
692 1143 927 1183 purumque
952 1128 1149 1182 relinquit

96 1190 324 1232 aetherium
348 1205 515 1232 sensum
539 1197 662 1243 atque
688 1190 802 1231 aurai
828 1190 1022 1245 simplicis
1046 1191 1199 1246 ignem.

96 1251 171 1292 has
196 1252 340 1302 omnis,
365 1252 438 1293 ubi
462 1252 574 1293 mille
598 1259 732 1292 rotam
755 1252 921 1294 volvere
946 1268 1019 1307 per
1043 1267 1186 1301 annos,

95 1314 331 1356 Lethaeum
355 1314 408 1355 ad
432 1314 604 1355 fluvium
629 1314 730 1356 deus
756 1322 904 1355 evocat
928 1315 1093 1369 agmine
1118 1329 1286 1370 magno,

96 1376 251 1418 scilicet
274 1376 535 1418 immemores
561 1391 711 1431 supera
734 1383 781 1417 ut
805 1390 991 1418 convexa
1015 1377 1198 1418 revisant
1465 1389 1528 1421 750

95 1453 237 1480 rursus
264 1446 305 1480 et
328 1439 526 1493 incipiant
551 1438 594 1479 in
620 1453 793 1493 corpora
816 1439 923 1480 velle
946 1439 1123 1480 reverti.’

149 1500 330 1542 Dixerat
351 1501 572 1550 Anchises,
598 1508 825 1554 natumque
850 1515 1016 1555 unaque
1043 1500 1248 1556 Sibyllam

95 1570 322 1604 conventus
348 1563 473 1603 trahit
495 1563 538 1604 in
561 1562 721 1604 'medios
747 1563 996 1616 turbamque
1021 1571 1237 1605 sonantem

94 1632 136 1667 et
157 1625 365 1666 tumulum
389 1625 511 1680 capit,
537 1624 647 1665 unde
672 1624 804 1666 omnis
829 1625 955 1680 longo
979 1625 1122 1667 ordine
1146 1632 1287 1680 posset

93 1687 289 1730 adversos
313 1688 451 1742 legere
477 1694 518 1728 et
541 1687 779 1728 venientum
805 1687 963 1729 discere
987 1688 1135 1728 voltus.
1464 1701 1526 1731 755

151 1750 292 1791 ‘Nunc
317 1764 408 1805 age,
433 1748 692 1790 Dardaniam
716 1749 875 1804 prolem
899 1763 1006 1803 quae
1032 1750 1180 1792 deinde
1207 1758 1404 1804 sequatur

93 1811 238 1867 gloria,
264 1812 336 1865 qui
358 1818 551 1852 maneant
576 1811 683 1852 Itala
707 1812 758 1852 de
783 1818 907 1866 gente
931 1819 1116 1866 nepotes,

92 1873 275 1915 inlustris
300 1874 457 1915 animas
481 1880 751 1927 nostrumque
775 1873 817 1913 in
841 1887 994 1915 nomen
1017 1873 1145 1915 ituras

94 1936 313 1991 expediam
338 1935 457 1976 dictis
483 1943 522 1977 et
545 1942 585 1976 te
609 1943 681 1976 tua
704 1935 791 1976 fata
815 1935 986 1977 docebo.

93 1997 175 2047 ille,
199 1998 328 2047 vides,
353 2012 458 2052 pura
481 1997 642 2038 iuvenis
666 1997 738 2050 qui
761 1997 905 2038 nititur
929 1997 1060 2045 hasta,
1463 2013 1526 2044 760

94 2060 284 2116 proxima
308 2066 418 2100 sorte
442 2065 555 2100 tenet
578 2059 682 2100 lucis
707 2059 811 2108 loca,
837 2059 994 2113 primus
1019 2060 1072 2100 ad
1097 2075 1218 2102 auras

95 2122 297 2164 aetherias
321 2121 427 2162 Italo
453 2120 700 2162 commixtus
725 2121 927 2175 sanguine
953 2129 1109 2176 surget,

96 2184 264 2233 Silvius,
289 2183 503 2224 Albanum
526 2198 691 2232 nomen,
717 2190 788 2224 tua
811 2190 1004 2237 postuma
1029 2184 1179 2238 proles,

93 2261 219 2300 quem
243 2245 317 2286 tibi
340 2246 543 2300 longaevo
569 2260 705 2286 serum
730 2245 910 2287 Lavinia
934 2246 1114 2288 coniunx

94 2308 243 2350 educet
267 2307 378 2348 silvis
402 2322 544 2361 regem
568 2321 798 2361 regumque
823 2314 1051 2362 parentem,
1462 2322 1524 2352 765

93 2370 204 2412 unde
228 2384 360 2424 genus
385 2369 536 2424 Longa
559 2377 747 2410 nostrum
771 2369 1050 2411 dominabitur
1075 2371 1200 2412 Alba.

93 2431 306 2488 proximus
330 2431 398 2472 ille
420 2432 590 2480 Procas,
616 2431 822 2472 Troianae
845 2431 978 2486 gloria
1001 2433 1150 2487 gentis,

95 2501 136 2536 et
160 2493 303 2548 Capys
328 2499 369 2534 et
390 2492 584 2534 Numitor
607 2500 649 2534 et
671 2493 743 2546 qui
766 2500 806 2535 te
830 2493 996 2535 nomine
1021 2495 1167 2536 reddet

96 2555 250 2598 Silvius
275 2555 455 2604 Aeneas,
481 2555 635 2611 pariter
658 2555 810 2610 pietate
835 2556 900 2597 vel
926 2557 1050 2597 armis

95 2617 300 2673 egregius,
327 2618 360 2658 si
384 2632 582 2672 umquam
607 2618 864 2672 regnandam
888 2619 1095 2674 acceperit
1118 2619 1287 2660 Albam.
1461 2632 1525 2662 770

166 2684 294 2718 Veranius
308 2683 349 2710 ed.
366 2683 451 2710 Thilo.
1167 2685 1212 2720 14
