1622 2847
530 135 782 173 AENEIDOS
807 135 902 170 LIB.
929 135 978 170 11.
1352 125 1429 167 121

88 241 171 282 tela
194 257 321 283 manu
345 240 484 282 miseri
507 240 719 282 iactabant
742 240 865 281 inrita
889 239 1056 281 Teucri.

87 303 233 344 turrim
257 304 299 345 in
323 303 538 358 praecipiti
563 310 740 344 stantem
767 302 1021 355 summisque
1047 302 1124 343 sub
1149 308 1259 343 astra
1458 311 1524 341 460

88 366 280 407 eductam
304 366 435 414 tectis,
460 365 572 406 unde
597 366 729 406 omnis
755 365 881 406 Troia
906 364 1036 406 videri

87 436 127 468 et
151 427 349 469 Danaum
375 427 518 468 solitae
541 442 668 469 naves
695 435 735 468 et
759 427 947 468 Achaica
972 434 1118 476 castra,

88 489 274 544 adgressi
298 490 406 531 ferro
432 489 601 535 circum,
626 504 709 543 qua
734 504 896 529 summa
919 489 1096 529 labantis

86 550 297 592 iuncturas
322 551 509 592 tabulata
533 551 703 600 dabant,
731 551 1000 592 convellimus
1027 551 1118 591 altis
1165 562 1168 566 ’

87 613 255 654 sedibus
279 613 608 668 inpulimusque3
634 629 683 654 ea
707 614 824 668 lapsa
848 621 1016 667 repente
1042 613 1204 653 ruinam
1458 621 1524 651 465

88 689 180 716 cum
207 675 343 716 sonitu
367 675 491 716 trahit
516 683 557 716 et
579 674 778 716 Danaum
804 690 927 729 super
952 675 1120 730 agmina
1144 674 1226 715 late

85 737 242 778 incidit.
289 744 353 778 ast
377 737 445 778 alii
470 737 664 786 subeunt,
690 752 767 778 nec
793 752 894 778 saxa
918 751 996 778 nec
1020 737 1153 777 ullum

85 799 262 840 telorum
287 799 444 841 interea
470 807 605 840 cessat
628 814 775 854 genus.

141 861 408 904 Vestibulum
434 869 529 903 ante
552 862 690 916 ipsum
714 861 933 916 primoque
956 860 1000 902 in
1024 860 1164 902 limine
1189 860 1377 915 Pyrrhus

86 924 255 973 exultat,
281 924 372 966 telis
399 931 440 965 et
463 924 556 966 luce
582 938 778 965 coruscus
804 938 921 973 aena,
1458 933 1524 963 470

86 986 219 1039 qualis
245 986 318 1027 ubi
341 986 384 1027 in
407 986 544 1028 lucem
570 987 739 1028 coluber
763 987 873 1027 mala
897 985 1087 1041 gramina
1110 993 1268 1040 pastus,

85 1048 239 1102 frigida
263 1048 340 1090 sub
366 1056 474 1090 terra
497 1049 703 1089 tumidum
729 1063 853 1102 quem
878 1048 1027 1089 bruma
1051 1049 1234 1103 tegebat,

84 1125 195 1152 nunc
220 1111 363 1165 positis
387 1125 520 1152 novus
546 1111 706 1153 exuviis
731 1111 970 1165 nitidusque
993 1110 1164 1152 iuventa

84 1173 244 1214 lubrica
269 1173 479 1215 convolvit
502 1174 664 1215 sublato
689 1180 855 1228 pectore
879 1180 1010 1228 terga,

85 1235 240 1277 arduus
264 1236 318 1277 ad
342 1236 484 1285 solem,
510 1244 550 1276 et
572 1236 726 1291 linguis
751 1235 875 1277 micat
900 1250 970 1277 ore
993 1235 1184 1277 trisulcis.
1458 1245 1523 1274 475

83 1313 169 1339 una
192 1298 338 1353 ingens
362 1298 567 1353 Periphas
592 1306 633 1340 et
657 1312 859 1352 equorum
885 1298 1063 1354 agitator
1088 1298 1279 1348 Achillis,

85 1361 266 1416 armiger
289 1361 571 1410 Automedon,
596 1376 681 1402 una
705 1361 838 1402 omnis
865 1360 1015 1415 Scyria
1038 1361 1171 1415 pubes

85 1423 315 1465 succedunt
338 1430 447 1464 tecto
473 1431 513 1464 et
536 1423 724 1464 flammas
750 1423 803 1464 ad
829 1423 1009 1464 culmina
1033 1423 1200 1465 iactant.

83 1484 172 1539 ipse
196 1484 302 1526 inter
326 1484 482 1540 primos
507 1493 696 1539 correpta
721 1485 825 1525 dura
849 1485 1020 1539 bipenni

82 1547 226 1588 limina
249 1547 478 1602 perrumpit
500 1547 712 1602 postisque
737 1563 762 1588 a
785 1547 952 1588 cardine
977 1547 1092 1589 vellit
1456 1559 1522 1590 480

83 1617 258 1659 aeratos,
282 1609 449 1664 iamque
474 1610 612 1651 excisa
636 1610 753 1650 trabe
777 1609 896 1650 firma
920 1610 1085 1650 cavavit

82 1672 233 1713 robora
258 1681 297 1714 et
320 1673 534 1727 ingentem
557 1673 640 1713 lato
666 1672 781 1713 dedit
804 1686 874 1713 ore
898 1672 1138 1713 fenestram.

84 1741 256 1790 apparet
280 1735 427 1776 domus
450 1735 561 1776 intus
587 1742 627 1776 et
651 1735 755 1776 atria
779 1734 906 1789 longa
930 1742 1150 1789 patescunt

84 1803 285 1852 apparent
307 1796 466 1838 Priami
492 1804 532 1838 et
556 1804 742 1838 veterum
766 1797 996 1851 penetralia
1019 1812 1168 1851 regum

84 1866 347 1913 armatosque
370 1858 512 1900 vident
535 1866 690 1899 stantes
715 1858 757 1899 in
781 1858 923 1899 limine
946 1858 1092 1913 primO.
1457 1870 1522 1901 485

138 1921 200 1961 At
224 1920 371 1961 domus
395 1920 564 1961 interior
587 1919 746 1974 gemitu
772 1920 1004 1973 miseroque
1029 1920 1211 1962 tumultu

83 1982 280 2023 miscetur
303 1982 550 2037 penitusque
574 1997 701 2024 cavae
724 1982 996 2037 plangoribus
1021 1983 1145 2024 aedes

83 2044 272 2086 femineis
296 2045 471 2093 ululant,
496 2044 591 2086 ferit
614 2060 740 2086 aurea
763 2044 900 2086 sidera
924 2044 1092 2086 clamor.

83 2115 172 2148 tum
196 2107 372 2161 pavidae
396 2106 514 2148 tectis
539 2114 691 2148 matres
715 2106 955 2161 ingentibus
980 2113 1118 2148 errant

85 2169 384 2224 amplexaeque
408 2176 550 2210 tenent
573 2176 711 2224 postes
737 2177 861 2222 atque
885 2169 1025 2210 oscula
1050 2169 1198 2223 figunt.
1455 2180 1522 2212 490

83 2231 210 2272 instat
233 2231 274 2271 vi
297 2230 432 2286 patria
454 2230 661 2285 Pyrrhus:
686 2245 763 2272 nec
788 2231 968 2272 claustra
991 2245 1069 2272 nec
1092 2230 1172 2286 ipsi

85 2293 276 2335 custodes
302 2293 475 2335 sufferre
499 2293 656 2341 valent3
682 2293 797 2334 labat
821 2293 948 2334 ariete
973 2293 1118 2334 crebro

83 2355 210 2397 ianua
234 2362 275 2397 et
299 2355 423 2396 emoti
446 2355 727 2410 procumbunt
750 2355 915 2397 cardine
939 2363 1095 2410 postes,

84 2418 131 2458 fit
154 2418 223 2458 via
246 2417 301 2466 vi,
327 2425 525 2472 rumpunt.
549 2418 682 2458 aditus
708 2417 946 2472 primosque
971 2417 1180 2459 trucidant

85 2479 260 2520 immissi
284 2479 423 2520 Danai
449 2487 489 2521 et
512 2480 595 2521 late
619 2481 711 2521 loca
733 2480 863 2521 milite
889 2481 1109 2534 complent.
1457 2491 1522 2522 495

85 2556 170 2583 non
195 2541 251 2583 sic
277 2542 500 2596 aggeribus
525 2542 656 2596 ruptis
682 2556 776 2583 cum
803 2557 1000 2597 spumeus
1026 2542 1158 2584 amnis

88 2604 172 2646 exit
196 2605 490 2659 oppositasque
514 2604 638 2647 evicit
661 2604 827 2660 gurgite
852 2604 994 2654 moles,
