1628 2847
510 128 764 166 AENEIDOS
786 130 883 165 LIB.
907 130 976 166 XI.

74 233 198 275 turba
222 233 392 286 ducum)
417 232 476 275 sic
499 232 700 288 incipiens
724 233 914 275 hortatur
938 234 1118 276 ovantis:

74 296 276 337 ‘maxima
299 310 364 337 res
388 295 550 344 effecta,
576 296 653 336 viri
662 312 672 345 3
699 295 821 337 timor
845 297 978 338 omnis
1004 298 1161 346 abestO,

74 359 186 412 quod
211 364 416 414 superest3
441 357 545 399 haec
570 365 668 399 sunt
692 358 824 413 spolia
849 366 888 399 et
913 359 965 400 de
989 375 1089 414 rege
1115 359 1296 415 superbo

73 420 278 475 primitiae
303 420 579 474 manibusque
604 420 705 462 meis
729 420 967 462 Mezentius
993 421 1058 463 hic
1084 429 1158 464 est.

73 497 185 525 nunc
207 483 285 524 iter
308 483 361 523 ad
385 498 528 537 regem
551 483 671 524 nobis
696 497 920 536 murosque
948 483 1136 525 Latinos.

74 560 189 587 arma
211 551 353 600 parate
378 544 526 585 animis
552 551 593 586 et
617 560 689 599 spe
714 545 965 600 praesumite
992 546 1162 595 bellum,

72 621 211 661 nequa
234 621 349 648 mora
371 607 552 661 ignaros,
576 607 648 647 ubi
674 607 853 661 primum
879 608 1031 648 vellere
1057 608 1177 663 signa

73 669 292 710 adnuerint
316 669 456 724 superi
479 668 718 724 pubemque
743 669 919 710 educere
946 670 1104 719 castris,

71 731 256 786 inpediat
279 731 471 787 segnisve
496 738 611 773 metu
636 732 839 773 sententia
864 731 1012 773 tardet.

71 793 228 835 interea
251 795 384 835 socios
408 794 706 848 inhumataque
732 808 907 849 corpora
930 800 1064 835 terrae

71 856 329 906 mandemus,
355 857 427 910 qui
452 857 563 898 solus
586 856 718 898 honos
743 857 984 898 Acheronte
1009 856 1087 897 sub
1112 856 1195 897 imo
1221 861 1294 897 est.

70 917 153 966 ite,'
179 918 248 968 ait,
275 919 485 974 ‘egregias
510 918 681 968 animas,
708 933 815 972 quae
841 919 1044 974 sanguine
1069 919 1189 960 nobis

70 978 178 1021 hanc
202 981 378 1035 patriam
403 996 602 1036 peperere
629 996 717 1030 suo,
745 982 937 1023 decorate
963 982 1167 1036 supremis

70 1043 311 1084 muneribus
335 1050 619 1097 maestamque
644 1043 833 1084 Euandri
857 1044 1015 1098 primus
1041 1044 1094 1084 ad
1119 1043 1264 1084 urbem

69 1105 255 1146 mittatur
278 1105 433 1154 Pallas,
459 1119 583 1159 quem
607 1120 691 1146 non
715 1105 878 1146 virtutis
905 1112 1097 1161 egentem

70 1167 240 1208 abstulit
264 1174 353 1208 atra
378 1167 466 1208 dies
491 1174 532 1208 et
555 1167 702 1208 funere
728 1168 868 1208 mersit
893 1168 1069 1210 acerb0.’

127 1229 199 1271 Sic
225 1229 281 1270 ait
304 1230 567 1271 inlacrimans
592 1230 821 1285 recipitque
847 1230 900 1271 ad
923 1230 1067 1271 limina
1090 1245 1295 1284 gressum,

69 1306 219 1347 corpus
243 1292 317 1333 ubi
342 1293 521 1334 exanimi
545 1293 727 1348 positum
751 1293 954 1334 Pallantis
979 1294 1160 1334 Acoetes

70 1355 263 1396 servabat
286 1355 435 1404 senior,
461 1355 533 1409 qui
556 1354 781 1396 Parrhasio
807 1354 1007 1396 Euandro

69 1418 249 1472 armiger
274 1425 369 1459 ante
394 1417 486 1467 fuit,
512 1417 586 1459 sed
610 1432 695 1458 non
719 1417 911 1458 felicibus
936 1432 1069 1471 aeque

69 1486 158 1520 tum
182 1495 320 1521 comes
345 1479 538 1534 auspiciis
565 1493 660 1521 caro
686 1479 806 1520 datus
831 1480 920 1521 ibat
943 1480 1124 1521 alumno.

70 1542 227 1583 circuni
252 1543 385 1583 omnis
410 1543 699 1596 famulumque
723 1558 872 1583 manus
898 1542 1163 1596 Troianaque
1189 1542 1313 1583 turba

69 1611 111 1647 et
132 1612 337 1645 maestum
361 1604 515 1645 Iliades
542 1604 696 1646 crinem
724 1604 775 1645 de
800 1619 914 1646 more
941 1605 1114 1645 solutae.

68 1675 114 1708 ut
138 1681 236 1708 vero
261 1667 429 1708 Aeneas
455 1666 614 1707 foribus
640 1681 730 1708 sese
754 1666 893 1707 intulit
918 1666 1023 1714 altis,

67 1729 281 1784 ingentem
306 1729 509 1784 gemitum
535 1729 667 1769 tunsis
693 1729 747 1770 ad
771 1729 907 1770 sidera
931 1729 1081 1770 tollunt

67 1792 305 1846 pectoribus
329 1798 572 1844 maestoque
597 1791 776 1846 inmugit
800 1791 916 1846 regia
939 1791 1068 1833 luctu.

67 1855 157 1909 ipse
182 1860 307 1909 caput
329 1853 440 1895 nivei
464 1853 616 1894 fultum
640 1853 843 1894 Pallantis
870 1860 911 1894 et
935 1868 1007 1894 ora

68 1923 115 1957 ut
137 1916 241 1957 vidit
263 1916 429 1969 levique
454 1923 598 1970 patens
623 1916 666 1956 in
690 1923 858 1970 pectore
884 1917 1035 1956 vulnus

70 1978 251 2033 cuspidis
277 1978 504 2027 Ausoniae,
530 1978 711 2019 lacrimis
736 1978 794 2019 ita
818 1977 929 2018 fatur
954 1978 1129 2019 obortis:

70 2040 200 2081 ‘tene’
225 2039 373 2092 inquit,
401 2040 651 2080 ‘miserande
675 2054 792 2094 puer,
819 2054 914 2080 cum
938 2039 1048 2081 laeta
1072 2039 1244 2088 veniret,

69 2101 217 2142 invidit
239 2101 428 2142 Fortuna
453 2101 566 2149 mihi,
592 2117 644 2143 ne
669 2106 799 2155 regna
824 2101 985 2142 videres

69 2171 209 2206 nostra
233 2179 368 2218 neque
395 2164 447 2204 ad
472 2164 590 2205 sedes
616 2164 748 2205 victor
771 2163 968 2206 veherere
993 2163 1216 2219 paternas?

69 2241 153 2268 non
177 2227 280 2267 haec
304 2227 504 2267 Euandro
530 2226 580 2267 de
605 2234 645 2267 te
670 2226 875 2281 promissa
899 2226 1060 2281 parenti

71 2289 286 2330 discedens
312 2289 521 2338 dederam,
548 2303 643 2329 cum
668 2304 733 2330 me
759 2289 1000 2344 complexus
1026 2294 1193 2330 euntem

70 2351 250 2392 mitteret
272 2351 315 2391 in
338 2366 539 2406 magnum
562 2351 782 2405 imperium
806 2358 1080 2406 metuensque
1103 2358 1290 2393 moneret

71 2414 176 2455 acris
202 2428 292 2454 esse
317 2413 439 2462 viros,
466 2428 562 2454 cum
587 2414 692 2455 dura
714 2413 871 2468 proelia
895 2420 1032 2469 gente.

71 2483 113 2518 et
134 2490 247 2517 nunc
271 2475 338 2516 ille
363 2475 533 2529 quidem
559 2491 631 2530 spe
656 2477 834 2517 multum
859 2484 1005 2531 captus
1029 2475 1143 2517 inani

71 2538 156 2579 fors
181 2545 222 2579 et
245 2544 341 2578 vota
365 2537 465 2579 facit
489 2539 756 2592 cumulatque
781 2538 925 2579 altaria
950 2539 1086 2587 donis3

71 2614 146 2642 nos
169 2601 363 2643 iuvenem
388 2601 624 2644 exanimum
650 2608 690 2643 et
713 2601 772 2642 nil
794 2601 878 2642 iam
903 2601 1150 2643 caelestibus
1176 2601 1269 2643 ullis

1337 122 1420 165 299

1448 370 1487 401 15

1446 678 1488 709 20

1447 989 1487 1020 25

1447 1302 1489 1332 30

1445 1616 1486 1646 35

1443 1929 1487 1959 40

1445 2237 1486 2268 45

1444 2551 1486 2582 50
