1622 2847
516 153 769 191 AENEIDOS
794 154 890 189 LIB.
915 154 985 189 111.

82 261 203 317 erigit
227 267 418 303 eructans
441 259 751 313 liquefactaque
777 274 878 300 saxa
902 258 980 299 sub
1005 272 1126 299 auras

83 339 178 365 cum
203 324 361 379 gemitu
385 322 592 376 glomerat
615 321 830 375 fundoque
855 327 1071 362 exaestuat
1093 321 1189 361 imo.

81 385 194 427 fama
219 393 282 427 est
304 384 506 426 Enceladi
531 391 761 426 semustum
786 384 959 425 fulmine
985 397 1133 437 corpus

81 448 221 502 urgeri
244 448 351 489 mole
376 447 454 487 hac
478 447 775 501 ingentemque
798 446 970 500 insuper
994 445 1177 486 Aetnam

81 508 302 563 inpositam
325 509 456 563 ruptis
481 508 691 549 flammam
716 508 905 563 expirare
931 507 1116 556 caminis,

82 578 123 612 et
145 571 301 613 fessum
325 570 515 624 quotiens
540 577 673 611 mutet
695 570 817 619 latus,
842 570 1061 611 intremere
1087 583 1251 610 omnem

80 647 292 674 murmure
317 632 576 673 Trinacriam
601 640 642 673 et
666 633 827 673 caelum
853 632 1075 673 subtexere
1100 631 1230 672 fumo.

80 701 244 736 noctem
268 695 380 735 illam
405 694 502 735 tecti
526 694 639 735 silvis
664 694 862 736 immania
886 700 1071 734 monstra

80 756 326 811 perferimus
351 770 442 805 nec,
467 770 574 810 quae
599 756 778 797 sonitum
805 756 876 798 det
900 771 1039 805 causa,
1064 755 1272 797 videmus:

79 833 177 859 nam
201 833 336 872 neque
362 825 479 860 erant
502 825 707 859 astrorum
729 818 849 873 ignes
874 833 951 860 nec
974 817 1137 859 lucidus
1163 817 1305 859 aethra

80 880 241 922 siderea
265 881 398 935 polus,
425 880 601 921 obscuro
627 881 701 922 sed
724 880 870 922 nubila
894 880 1022 928 caelo,

80 949 121 984 et
143 943 285 983 lunam
310 943 352 983 in
376 942 518 983 nimbo
543 957 626 983 nox
651 942 900 997 intempesta
924 942 1104 984 tenebat.

134 1004 310 1046 Postera
332 1004 498 1058 iamque
525 1005 611 1046 dies
636 1004 770 1059 primo
795 1005 995 1060 surgebat
1018 1004 1110 1045 Eoo

79 1074 374 1120 umentemque
399 1067 566 1107 Aurora
591 1067 687 1121 polo
713 1066 945 1108 dimoverat
968 1067 1178 1107 umbram:

80 1144 176 1170 cum
199 1129 337 1170 subito
362 1144 384 1170 e
409 1128 536 1178 silvis,
562 1129 694 1170 macie
720 1129 910 1170 confecta
935 1143 1143 1183 suprema,

79 1191 212 1247 ignoti
234 1206 344 1232 nova
367 1191 502 1232 forma
526 1191 602 1231 viri
627 1191 947 1245 miserandaque
972 1191 1089 1232 cultu

79 1253 265 1309 procedit
289 1254 550 1308 supplexque
574 1268 723 1294 manus
748 1253 802 1294 ad
825 1253 946 1294 litora
971 1253 1117 1294 tendit.

79 1315 341 1370 respicimus:
367 1315 456 1356 dira
480 1315 656 1356 inluvies
680 1315 933 1369 inmissaque
957 1315 1102 1364 barba,

80 1385 315 1419 consertum
340 1384 537 1431 tegumen
562 1377 704 1432 spinis,
730 1385 773 1418 at
797 1384 935 1419 cetera
961 1376 1128 1425 Graius,

79 1447 122 1482 et
144 1440 354 1495 quondam
379 1440 522 1494 patriis
547 1440 599 1481 ad
625 1440 796 1481 Troiam
820 1440 972 1481 missus
996 1440 1039 1481 in
1064 1439 1201 1481 armis.

78 1502 196 1556 isque
220 1503 294 1543 ubi
316 1502 554 1543 Dardanios
578 1502 746 1543 habitus
771 1509 812 1543 et
836 1502 963 1543 Troia
987 1502 1091 1543 vidit

79 1580 195 1606 arma
218 1565 376 1619 procul,
401 1565 573 1619 paulum
599 1571 771 1619 aspectu
796 1565 1043 1605 conterritus
1067 1563 1202 1605 haesit

80 1626 364 1680 continuitque
389 1627 584 1682 gradum3
610 1641 708 1667 mox
733 1641 822 1668 sese
848 1627 901 1667 ad
924 1626 1044 1667 litora
1068 1641 1268 1681 praeceps

81 1704 176 1731 cum
200 1689 298 1730 fietu
323 1688 599 1743 precibusque
624 1689 735 1730 tulit:
762 1693 855 1743 ‘per
879 1689 1014 1730 sidera
1038 1696 1177 1738 testor,

80 1766 155 1807 per
179 1765 349 1806 superos
374 1758 498 1804 atque
522 1750 601 1792 hoc
626 1751 729 1793 caeli
753 1751 949 1806 spirabile
972 1751 1127 1799 lumen,

80 1814 209 1856 tollite
232 1828 313 1863 me,
337 1813 490 1855 Teucri
499 1830 509 1863 3
535 1828 821 1867 quascumque
846 1814 1041 1855 abducite
1066 1821 1215 1855 terras:

81 1877 161 1918 hoc
185 1883 248 1918 sat
271 1876 360 1917 erit.
409 1876 494 1917 scio
518 1891 585 1918 me
609 1876 772 1917 Danais
797 1891 820 1918 e
846 1876 1047 1918 classibus
1072 1891 1218 1926 unum,

82 1947 124 1981 et
145 1939 254 1980 bello
279 1939 429 1980 Iliacos
454 1938 588 1980 fateor
612 1939 780 1993 petiisse
805 1945 989 1993 penates.

81 2015 156 2056 pro
182 2015 278 2054 quo,
304 2000 337 2041 si
362 2000 527 2042 sceleris
552 2008 668 2042 tanta
693 2008 755 2042 est
779 2000 929 2041 iniuria
952 2000 1094 2050 nostri,

82 2062 264 2118 spargite
287 2077 353 2104 me
378 2063 420 2103 in
443 2063 593 2104 fluctus
619 2070 820 2116 vastoque
845 2063 1065 2117 inmergite
1090 2069 1236 2117 ponto:

82 2125 116 2166 si
140 2139 278 2179 pereo,
304 2124 518 2166 hominum
541 2125 734 2166 manibus
759 2124 931 2179 periisse
955 2125 1141 2166 iuvabit.’

83 2188 245 2228 dixerat
268 2194 308 2228 et
331 2201 470 2242 genua
494 2187 710 2242 amplexus
734 2187 996 2242 genibusque
1019 2187 1212 2229 volutans

82 2248 294 2291 haerebat.
342 2248 412 2302 qui
437 2249 502 2298 sit,
527 2248 619 2299 fari,
645 2263 728 2303 quo
753 2249 957 2304 sanguine
983 2257 1133 2298 cretus,

82 2311 309 2360 hortamur,
335 2325 442 2365 quae
467 2311 616 2353 deinde
641 2311 771 2366 agitet
793 2311 973 2361 fortuna,
999 2312 1133 2353 fateri.

82 2373 171 2427 ipse
194 2380 312 2427 pater
336 2372 522 2415 dextram
549 2373 770 2423 Anchises,
796 2373 908 2415 haud
933 2374 1064 2415 multa
1088 2381 1285 2424 moratus,

84 2435 156 2476 dat
179 2434 319 2476 iuveni
344 2442 467 2489 atque
492 2435 676 2476 animum
701 2436 906 2491 praesenti
931 2436 1106 2491 pignore
1130 2437 1279 2478 firmat.

83 2497 152 2538 ille
176 2496 279 2538 haec
303 2497 490 2551 deposita
513 2498 681 2539 tandem
706 2498 925 2539 formidine
950 2498 1076 2538 fatur:

85 2563 196 2600 ‘sum
221 2559 356 2614 patria
379 2574 432 2601 ex
455 2559 613 2610 Ithaca,
639 2575 776 2602 comes
802 2560 978 2601 infelicis
1004 2560 1135 2609 Ulixi,

84 2622 251 2664 nomine
275 2622 622 2673 Achaemenides,
648 2623 817 2665 Troiam
841 2622 1027 2678 genitore
1055 2623 1283 2664 Adamasto

158 2687 287 2723 Vergilius
301 2688 343 2715 ecl.
359 2688 443 2716 Thao.
1162 2689 1207 2725 10

1344 143 1439 185 145⁷

1451 515 1516 546 580

1449 825 1513 856 585

1452 1137 1516 1168 590

1452 1451 1515 1481 595

1453 1763 1517 1794 600

1451 2074 1515 2107 605

1453 2388 1517 2419 610
