1622 2847
93 335 157 366 495

94 648 158 678 500

93 959 157 989 505

93 1270 158 1300 510

94 1583 158 1613 515

96 1895 161 1925 520

99 2209 162 2240 525

185 146 238 188 70
601 155 642 190 P.
663 152 874 189 VERGILI
899 153 1123 190 MARONIS

184 259 279 300 hinc
303 259 420 301 laetis
446 258 564 300 vituli
589 258 711 313 volgo
737 258 968 299 moriuntur
992 258 1036 299 in
1059 258 1198 300 herbis

183 330 224 364 et
249 322 380 362 dulcis
406 321 564 362 animas
591 320 713 375 plena
738 321 791 361 ad
816 320 1032 375 praesepia
1055 321 1247 370 reddunt,

183 384 279 425 hinc
305 384 478 425 canibus
505 382 666 424 blandis
691 383 825 424 rabies
852 382 962 423 venit
988 390 1029 423 et
1053 384 1184 437 quatit
1209 398 1354 439 aegros

183 447 306 488 tussis
332 446 480 486 anhela
504 460 599 486 sues
625 459 673 485 ac
698 445 889 486 faucibus
915 444 1029 499 angit
1055 445 1203 486 obesis.

183 509 334 551 labitur
360 508 502 548 infelix
529 507 759 548 studiorum
785 514 909 560 atque
934 507 1150 547 immemor
1175 507 1328 550 herbae

183 572 314 612 victor
338 585 468 623 equus
495 569 702 622 fontisque
728 569 925 610 avertitur
950 577 989 610 et
1013 570 1119 623 pede
1145 577 1296 611 terram

183 633 328 675 erebra
351 632 463 680 ferit3
491 631 693 672 demissae
720 646 853 680 aures,
880 631 1059 672 incertus
1084 631 1239 673 ibidem

184 696 310 737 sudor
334 702 373 737 et
398 695 466 735 ille
493 693 661 747 quidem
686 693 895 734 morituris
920 693 1110 747 frigidus,
1137 701 1224 735 aret

182 758 300 813 pellis
325 764 366 798 et
390 757 443 797 ad
468 763 623 797 tactum
649 756 843 797 tractanti
868 756 972 796 dura
996 756 1160 797 resistit.

183 821 286 861 haec
311 826 405 860 ante
431 819 603 860 exitium
627 818 769 872 primis
795 819 894 859 dant
920 818 1040 872 signa
1065 818 1228 867 diebus3

183 883 245 924 sin
271 882 312 922 in
336 896 534 936 processu
559 880 694 935 coepit
720 881 962 921 crudescere
987 880 1170 929 morbus,

183 953 271 986 tum
296 958 393 985 vero
419 943 611 984 ardentes
638 943 747 983 oculi
772 950 896 996 atque
921 950 1119 983 attractus
1146 942 1197 982 ab
1224 942 1306 984 alto

183 1007 365 1062 spiritus,
392 1006 599 1046 interdurn
624 1004 783 1059 gemitu
808 1004 961 1058 gravis,
988 1005 1152 1057 imaque
1177 1005 1301 1059 longo

184 1070 254 1110 ilia
278 1068 462 1123 singultu
487 1067 675 1115 tendunt,
701 1067 732 1107 it
761 1066 930 1107 naribus
957 1074 1044 1107 ater

185 1131 354 1185 sanguis
381 1138 421 1171 et
446 1130 636 1171 obsessas
662 1129 804 1170 fauces
830 1129 980 1183 premit
1006 1143 1152 1183 aspera
1177 1129 1331 1183 lingua.

183 1194 339 1249 profuit
363 1193 517 1234 inserto
543 1192 685 1232 latices
710 1191 929 1232 infundere
955 1205 1082 1231 cornu

183 1257 394 1304 Lenaeos3
421 1270 469 1296 ea
494 1255 582 1295 visa
607 1254 717 1295 salus
743 1253 1015 1294 morientibus
1043 1268 1142 1293 una:

183 1335 281 1360 mox
306 1325 393 1360 erat
418 1318 496 1358 hoc
520 1317 658 1372 ipsum
684 1316 822 1365 exitio,
848 1316 1051 1369 furiisque
1076 1315 1219 1356 refecti

184 1381 384 1423 ardebant
409 1380 572 1434 ipsique
599 1394 695 1419 suos
720 1379 802 1420 iam
828 1385 958 1419 morte
985 1378 1062 1418 sub
1088 1393 1214 1432 aegra

183 1444 245 1496 (di
271 1443 440 1484 meliora
467 1442 542 1496 piis
569 1455 832 1494 erroremque
857 1440 1045 1481 hostibus
1069 1439 1223 1491 illuml)

185 1507 377 1547 discissos
403 1505 525 1545 nudis
552 1504 763 1544 laniabant
789 1503 982 1544 dentibus
1008 1510 1133 1543 artus.

185 1583 280 1610 ecce
306 1575 445 1609 autem
472 1567 574 1607 duro
600 1566 766 1607 fumans
793 1566 869 1606 sub
895 1579 1061 1606 vomere
1087 1572 1229 1605 taurus

184 1630 362 1673 concidit
388 1636 426 1670 et
452 1629 627 1669 mixtum
653 1628 810 1682 spumis
835 1627 962 1668 vomit
987 1641 1056 1668 ore
1082 1641 1270 1667 cruorem

185 1701 474 1745 extremosque
501 1691 578 1731 ciet
604 1690 796 1744 gemitus.
846 1689 877 1730 it
901 1689 1026 1729 tristis
1052 1695 1201 1736 arator,

184 1762 437 1796 maerentem
464 1753 696 1807 abiungens
723 1752 904 1792 fraterna
929 1759 1059 1792 morte
1083 1751 1319 1797 iuvencum,

186 1825 311 1872 atque
337 1831 460 1870 opere
486 1816 527 1856 in
552 1814 688 1855 medio
716 1814 851 1855 defixa
875 1814 1067 1867 relinquit
1093 1821 1240 1853 aratra.

184 1895 269 1922 non
294 1880 466 1920 umbrae
492 1878 668 1918 altorum
694 1891 924 1925 nemorum,
950 1891 1032 1917 non
1057 1875 1197 1915 mollia
1221 1882 1394 1929 possunt

186 1951 304 2000 prata
329 1956 496 1982 movere
522 1941 719 1988 animum,
746 1954 827 1980 non
853 1939 925 1992 qui
949 1954 1022 1993 per
1047 1954 1148 1979 saxa
1173 1938 1338 1978 volutus

186 2006 329 2062 purior
354 2004 505 2045 electro
532 2017 725 2057 campum
750 2002 854 2056 petit
879 2001 1010 2042 amnis
1020 2017 1030 2050 ;
1057 2008 1096 2041 at
1122 2000 1205 2040 ima

189 2069 406 2110 solvuntur
429 2067 560 2108 latera
585 2073 710 2118 atque
736 2065 877 2105 oeulos
903 2072 1045 2118 stupor
1070 2070 1191 2116 urget
1215 2061 1355 2103 inertis

189 2131 241 2172 ad
266 2139 501 2181 terramque
525 2127 615 2168 fluit
641 2127 799 2167 devexo
825 2126 1008 2181 pondere
1033 2126 1185 2167 cervix.

189 2193 289 2247 quid
313 2192 431 2232 labor
456 2200 527 2231 aut
552 2189 770 2230 benefacta
794 2189 964 2229 iuvant?
997 2188 1096 2241 quid
1122 2201 1287 2227 vomere
1312 2193 1440 2227 terras

188 2255 406 2298 invertisse
431 2253 596 2308 gravis?
628 2252 742 2305 atqui
767 2266 849 2292 non
874 2251 1059 2291 Massica
1084 2249 1240 2291 Bacchi

190 2332 375 2365 munera,
402 2330 487 2356 non
511 2315 589 2356 illis
615 2314 761 2369 epulae
787 2328 965 2354 nocuere
990 2320 1198 2367 repostae:

190 2379 406 2422 frondibus
432 2386 472 2419 et
497 2378 609 2418 victu
634 2383 861 2432 pascuntur
884 2375 1080 2431 simplicis
1106 2375 1271 2423 herbae,

190 2443 342 2499 pocula
367 2448 462 2482 sunt
487 2440 622 2480 fontes
647 2439 792 2492 liquidi
818 2446 942 2492 atquc
967 2437 1147 2479 exercita
1172 2451 1296 2478 cursu

103 2521 168 2551 530
192 2504 378 2552 flumina,
403 2517 480 2544 nec
505 2516 671 2543 somnos
698 2501 906 2555 abrumpit
931 2515 1030 2541 cura
1054 2499 1242 2540 salubris.

193 2577 378 2622 tempore
401 2581 485 2607 non
511 2565 591 2605 alio
618 2564 757 2605 dicunt
782 2563 1022 2618 regionibus
1047 2562 1126 2602 illis

195 2629 402 2686 quaesitas
428 2627 480 2669 ad
505 2641 621 2668 sacra
646 2626 774 2668 boves
800 2625 971 2667 Iunonis
996 2632 1033 2666 et
1060 2623 1144 2666 uris
