1628 2847
143 430 208 460 455

143 741 207 771 460

140 1054 205 1084 465

142 1368 208 1399 470

141 1681 205 1711 475

141 1997 207 2027 480

142 2310 206 2341 485

236 120 317 162 378
841 127 980 165 CIBIS.

234 233 420 287 undique
446 232 699 274 conveniunt
722 239 763 275 et
787 233 938 288 glauco
962 234 1004 275 in
1030 235 1194 290 gurgite
1220 235 1375 277 circum

233 296 405 337 verbere
431 295 658 337 caudarum
683 302 806 349 atque
832 296 913 336 oris
938 296 1182 338 minitantur
1206 298 1335 339 hiatu.

231 357 314 398 iam
339 358 506 399 tandem
532 372 653 398 casus
680 357 908 406 hominum,
933 359 1016 399 iam
1041 360 1212 414 respice,
1238 360 1398 401 Minos!

234 420 287 460 sit
311 421 408 461 satis
434 420 525 469 hoc,
552 427 713 460 tantum
740 420 925 474 Scyllam
951 421 1102 462 vidisse
1127 423 1344 471 malorum,

233 483 299 524 vel
324 483 409 523 fato
435 482 557 523 fuerit
583 482 703 523 nobis
729 482 831 524 haec
857 483 996 524 debita
1020 484 1160 538 pestis,

233 544 299 586 vel
325 559 423 586 casu
448 544 619 593 incerto,
645 544 792 586 merita
816 545 881 586 vel
907 545 1085 598 denique
1111 546 1253 600 culpa:

232 607 370 648 onmia
394 622 490 647 nam
515 607 652 661 potius
677 620 803 660 quam
829 614 869 648 te
895 607 1044 648 fecisse
1069 608 1253 662 putabo.'

287 669 467 710 Labitur
490 669 648 710 interea
671 669 853 710 resoluta
877 669 930 710 ab
955 669 1073 710 litore
1099 670 1256 720 classis,

233 747 387 786 magna
411 732 626 786 repentino
653 731 869 772 sinuantur
893 732 1019 773 lintea
1043 746 1152 780 coro,

231 794 409 835 flectitur
433 794 474 834 in
500 794 620 834 viridi
645 809 783 835 remus
809 795 906 842 sale,
932 794 1132 848 languida
1156 794 1290 836 fessae

232 856 403 911 virginis
428 856 470 897 in
495 871 619 897 cursu
644 857 817 898 moritur
842 857 1101 910 querimonia
1124 857 1265 911 longo.

233 919 386 960 deserit
411 919 597 974 angustis
621 918 829 960 inclusum
854 918 1047 960 faucibus
1071 918 1275 969 Isthmon,

233 979 485 1036 Cypselidae
511 981 652 1036 magni
678 981 867 1022 florentia
891 996 1021 1036 regna
1046 980 1234 1022 Corinthi
1243 998 1254 1032 3

231 1044 427 1099 praeterit
451 1044 649 1099 abruptas
678 1043 863 1085 Scironis
888 1044 1076 1098 protinus
1103 1058 1219 1086 arces

230 1106 513 1161 infestumque
538 1107 623 1148 suis
650 1107 763 1148 dirae
788 1107 1008 1148 testudinis
1034 1107 1120 1148 exit

232 1170 445 1224 spelaeum
470 1169 684 1223 multoque
709 1176 901 1211 cruentas
926 1169 1088 1224 hospite
1113 1175 1267 1211 cautes.

231 1231 398 1285 iamque
423 1232 527 1273 adeo
553 1238 687 1272 tutum
714 1232 839 1286 longe
864 1232 1040 1273 Piraeea
1066 1231 1207 1281 cernit,

234 1302 274 1336 et
297 1302 416 1336 notas
442 1295 548 1337 eheu
578 1295 734 1336 frustra
757 1301 964 1349 respectat
988 1294 1192 1335 Athenas.

233 1358 316 1398 iam
342 1358 486 1413 procul
512 1373 533 1399 e
558 1358 686 1398 fluctu
713 1356 943 1398 Salaminia
968 1357 1139 1411 suspicit
1163 1372 1263 1397 arva

232 1421 508 1474 florentesque
534 1420 647 1462 videt
670 1420 751 1461 iam
779 1419 1007 1475 Cycladas3
1035 1420 1130 1461 hinc
1156 1420 1269 1461 sinus
1294 1419 1352 1460 illi

232 1482 403 1533 Sunius,
430 1483 526 1525 hinc
552 1483 673 1524 statio
700 1490 845 1524 contra
869 1490 981 1538 patet
1008 1483 1277 1523 Hermionea.

230 1546 433 1600 linquitur
458 1554 552 1587 ante
578 1546 679 1587 alias
704 1546 830 1600 longe
854 1545 1090 1600 gratissima
1115 1545 1247 1586 Delos

230 1609 454 1650 Nereidum
482 1609 602 1650 matri
629 1615 669 1650 et
693 1608 890 1663 Neptuno
916 1609 1101 1662 Aegan.

231 1672 431 1726 prospicit
454 1671 677 1713 incinctam
704 1671 914 1726 spumanti
938 1671 1058 1712 litore
1085 1669 1284 1724 Cythnon

231 1748 589 1787 marmoreamque
615 1734 755 1774 Paron
781 1733 1040 1787 viridemque
1067 1733 1237 1787 adlapsa
1262 1732 1482 1786 Donysam

231 1797 524 1852 Aeginamque
551 1796 672 1837 simul
699 1796 1092 1848 sementiferamque
1119 1794 1357 1849 Seriphum.

232 1859 363 1901 fertur
388 1867 428 1900 et
451 1858 617 1900 incertis
642 1858 818 1899 iactatur
843 1858 895 1898 ad
921 1857 1061 1898 omnia
1086 1857 1233 1904 ventis,

231 1922 383 1964 cumba
407 1922 533 1970 velut,
558 1935 732 1975 magnas
756 1920 941 1974 sequitur
966 1934 1060 1960 cum
1086 1919 1261 1974 parvula
1287 1918 1441 1960 classes

232 1985 339 2026 Afer
363 1991 405 2026 et
429 1984 602 2025 hiberno
628 1983 856 2024 bacchatur
880 1982 922 2023 in
948 1996 1129 2035 aequore
1156 1982 1292 2030 turbo,

232 2048 364 2089 donec
389 2047 470 2088 tale
496 2046 622 2087 decus
648 2046 806 2087 formae
832 2045 1021 2086 vexarier
1044 2045 1152 2085 ultra

231 2125 314 2152 non
341 2109 435 2151 tulit
460 2124 508 2150 ac
533 2109 704 2150 miseros
729 2108 906 2148 mutavit
930 2107 1102 2162 virginis
1128 2113 1242 2148 artus

233 2173 423 2214 caeruleo
449 2171 609 2227 pollens
635 2171 817 2211 coniunx
841 2169 1055 2224 Neptunia
1079 2183 1222 2223 regno.

232 2235 304 2276 sed
330 2242 468 2275 tamen
494 2241 705 2275 aeternam
731 2231 914 2286 squamis
940 2231 1091 2272 vestire
1116 2230 1314 2286 puellam,

232 2297 466 2351 infidosque
490 2296 597 2337 inter
622 2303 806 2337 teneram
832 2294 1090 2336 committere
1115 2293 1250 2348 pisces

232 2375 315 2401 non
340 2359 484 2400 statuit
506 2358 697 2412 <nimium
723 2364 784 2399 est
810 2357 979 2398 avidum
1004 2371 1132 2411 pecus
1158 2354 1470 2410 Amphitrites);

234 2422 353 2464 aeriis
379 2421 517 2477 potius
544 2421 764 2462 sublimem
790 2419 957 2461 sustulit
981 2419 1070 2468 alis,

234 2492 343 2526 esset
366 2491 413 2525 ut
436 2485 478 2525 in
503 2484 622 2525 terris
648 2483 748 2524 facti
773 2482 825 2524 de
850 2481 1016 2523 nomine
1041 2480 1148 2530 ciris,

234 2547 328 2589 ciris
354 2547 586 2602 Amyclaeo
612 2545 831 2587 formosior
856 2559 1002 2586 ansere
1027 2543 1185 2584 Ledae.

144 2620 210 2653 490
233 2609 301 2652 hic
330 2609 445 2651 velut
468 2609 509 2650 in
533 2609 669 2658 niveo,
694 2615 836 2650 tenera
861 2613 922 2649 est
947 2621 1040 2648 cum
1066 2606 1271 2661 primitus,
1297 2619 1376 2646 ovo
1400 2643 1404 2647 .
