1622 2847
495 147 787 185 GEORGICON
810 148 907 183 LIB.
933 147 1003 182 111.

78 253 179 295 dum
202 253 384 296 medicas
409 252 606 295 adhibere
630 267 779 294 manus
805 252 859 293 ad
882 251 1054 294 volnera
1076 258 1218 307 pastor

79 317 259 371 abnegat
283 324 324 359 et
346 316 517 358 meliora
541 316 640 357 deos
666 315 782 357 sedet
806 315 946 356 omnia
971 329 1160 369 poscens.

77 379 177 431 quin
202 379 339 427 etiam,
364 378 448 419 ima
472 377 588 419 dolor
613 378 828 418 balantum
852 377 995 431 lapsus
1021 377 1075 417 ad
1099 391 1195 418 ossa

78 455 173 481 cum
197 440 295 481 furit
320 448 444 494 atque
469 447 582 481 artus
607 440 844 495 depascitur
869 439 984 480 arida
1007 438 1150 489 febris,

76 502 233 557 profuit
255 502 445 544 incensos
470 509 609 544 aestus
634 509 819 544 avertere
843 509 884 543 et
907 501 1015 542 inter

76 564 161 605 ima
184 564 306 606 ferire
328 564 445 620 pedis
472 564 686 606 salientem
712 563 915 619 sanguine
940 578 1103 612 venam,

77 625 261 668 Bisaltae
285 641 367 680 quo
391 641 506 668 more
530 627 663 668 solent
687 640 865 680 acerque
892 624 1094 674 Gelonus,

77 702 173 729 cum
196 688 306 744 fugit
328 689 371 730 in
395 689 629 744 Rhodopen
654 696 779 742 atque
803 688 847 730 in
871 687 1035 730 deserta
1062 686 1268 730 Getarum

77 756 119 791 et
143 750 207 791 lac
233 758 473 792 concretum
498 765 593 792 cum
619 750 821 805 sanguine
846 757 962 805 potat
987 749 1152 803 equino.

77 826 203 865 quam
227 813 372 868 procul
397 820 468 854 aut
491 812 605 854 molli
631 812 854 854 succedere
880 811 1045 867 saepius
1069 811 1243 853 umbrae

77 873 228 915 videris
254 882 325 916 aut
349 890 532 916 summas
559 881 797 930 carpentem
821 874 1014 929 ignavius
1039 873 1189 915 herbas

76 943 388 991 extremamque
412 937 530 991 sequi
554 944 627 978 aut
650 936 787 978 medio
811 937 1085 991 procumbere
1111 950 1258 991 campo

75 1006 313 1053 pascentem
338 1006 379 1041 et
404 1014 519 1041 serae
544 999 675 1040 solam
700 998 902 1040 decedere
926 999 1052 1047 nocti,

76 1060 271 1102 continuo
296 1062 460 1116 culpam
486 1061 594 1103 ferro
620 1075 849 1116 compesce,
874 1060 990 1116 prius
1015 1075 1142 1114 quam

76 1122 166 1164 dira
188 1138 263 1178 per
285 1123 499 1165 incautum
523 1131 692 1179 serpant
716 1123 910 1178 contagia
933 1123 1095 1178 volgus.

74 1199 158 1226 non
182 1193 267 1226 tam
292 1186 435 1227 creber
459 1200 587 1241 agens
612 1185 792 1227 hiemem
816 1185 898 1226 ruit
922 1199 1103 1239 aequore
1128 1184 1264 1233 turbo,

75 1261 202 1301 quam
227 1248 382 1290 multae
406 1247 615 1303 pecudum
639 1255 790 1303 pestes.
837 1262 915 1290 nec
940 1248 1105 1302 singula
1128 1246 1264 1288 morbi

75 1323 248 1364 corpora
272 1310 511 1365 corripiunt,
538 1310 611 1352 sed
635 1318 722 1351 tota
746 1310 904 1352 aestiva
928 1317 1112 1365 repente,

1373 138 1427 180 69

1451 258 1516 290 455

1450 569 1516 600 460

1450 880 1515 912 465

1447 1193 1514 1223 470

76 1386 274 1426 spemque
293 1387 549 1428 gregemque
575 1372 697 1414 simul
711 1379 988 1426 cunctamque
1003 1372 1056 1413 ab
1070 1372 1229 1427 origine
1242 1378 1422 1427 gentem.

75 1441 164 1474 tum
188 1435 303 1484 sciat,
330 1435 461 1476 aerias
486 1435 619 1490 Alpes
645 1442 682 1477 et
708 1434 863 1476 Norica
887 1434 1016 1488 siquis

76 1497 244 1538 castella
269 1497 312 1538 in
338 1497 509 1538 tumulis
534 1504 574 1539 et
598 1496 770 1552 Iapydis
795 1512 895 1538 arva
919 1496 1086 1538 Timavi

74 1572 186 1599 nunc
210 1572 376 1612 quoque
399 1567 494 1614 post
519 1566 633 1600 tanto
659 1559 799 1600 videat
824 1559 1071 1612 desertaque
1096 1572 1226 1613 regna

74 1628 287 1675 pastorum
312 1628 352 1662 et
376 1621 500 1676 longe
525 1621 653 1662 saltus
678 1621 844 1675 lateque
869 1620 1070 1662 vacantis.

130 1683 214 1723 Hic
239 1683 449 1737 quondam
473 1683 619 1724 morbo
645 1683 748 1725 caeli
772 1683 1010 1725 miseranda
1034 1689 1176 1724 coorta
1201 1688 1264 1724 est

74 1751 298 1800 tempestas
321 1752 491 1799 totoque
515 1746 703 1787 autumni
726 1745 940 1787 incanduit
967 1752 1085 1786 aestu

75 1814 114 1847 et
137 1821 271 1861 genus
295 1822 417 1849 omne
440 1808 534 1849 neci
557 1808 766 1862 pecudum
792 1808 918 1856 dedit,
945 1822 1067 1849 omne
1091 1807 1287 1856 ferarum,

75 1869 340 1923 corrupitque
363 1870 492 1920 lacus,
517 1869 661 1912 infecit
690 1870 845 1925 pabula
868 1870 980 1911 tabo.

74 1945 151 1972 nec
175 1931 243 1972 via
266 1932 408 1973 mortis
434 1939 522 1973 erat
546 1933 734 1987 simplex,
761 1932 835 1974 sed
859 1932 932 1973 ubi
956 1932 1080 1987 ignea
1104 1932 1221 1974 venis

75 1993 265 2035 omnibus
290 2002 382 2035 acta
406 1994 492 2036 sitis
518 1995 690 2036 miseros
715 1995 947 2036 adduxerat
972 2002 1099 2043 artus,

74 2070 216 2097 rursus
240 2057 480 2098 abundabat
504 2057 656 2099 fluidus
680 2057 816 2111 liquor
840 2058 1061 2111 omniaque
1085 2057 1128 2098 in
1154 2073 1196 2099 se

75 2133 169 2160 ossa
191 2119 426 2161 minutatim
450 2121 595 2161 morbo
621 2120 817 2174 conlapsa
841 2119 1043 2161 trahebat.

76 2196 199 2236 saepe
222 2182 265 2223 in
289 2182 445 2224 honore
470 2183 593 2224 deum
618 2182 755 2223 medio
782 2189 894 2223 stans
919 2182 1055 2223 hostia
1078 2182 1131 2223 ad
1157 2198 1285 2233 aram,

74 2243 195 2285 lanea
218 2244 317 2285 dum
340 2244 463 2287 nivea
487 2245 766 2286 circumdatur
789 2244 922 2285 infula
945 2244 1060 2293 vitta,

75 2306 181 2347 inter
196 2307 434 2348 cunctantis
459 2307 607 2349 cecidit
632 2307 883 2348 moribunda
906 2306 1128 2348 ministros.

76 2376 148 2409 aut
172 2368 333 2422 siquam
357 2369 465 2410 ferro
490 2377 743 2410 mactaverat
767 2376 862 2410 ante
888 2369 1094 2418 sacerdos,

76 2430 172 2472 inde
196 2445 331 2484 neque
354 2431 555 2486 impositis
581 2431 727 2472 ardent
751 2431 896 2472 altaria
919 2430 1034 2472 fibris

76 2508 154 2534 nec
177 2508 375 2548 responsa
397 2501 534 2548 potest
559 2493 772 2535 consultus
797 2493 970 2535 reddere
996 2501 1111 2535 vates

77 2570 126 2596 ac
150 2556 218 2596 vix
244 2556 446 2610 suppositi
468 2557 685 2612 tinguntur
709 2556 911 2610 sanguine
936 2555 1056 2596 cultri

79 2633 321 2677 summaque
345 2618 483 2660 ieiuna
507 2618 620 2661 sanie
644 2617 876 2661 infuscatur
899 2617 1070 2662 harena.

1448 1504 1513 1535 475

1447 1816 1513 1847 480

1446 2128 1511 2159 485

1447 2439 1513 2470 490
