1622 2847
123 491 167 522 30

123 803 164 834 35

120 1115 165 1146 40

122 1430 164 1461 45

123 2057 141 2087 <51

145 2057 163 2087 27¹

125 2368 168 2399 60

194 121 249 164 90
611 129 654 165 Ρ.
675 128 885 166 VERGILI
909 129 1088 166 MARON
1089 129 1134 166 IS

192 234 432 275 exciderant
456 233 612 283 animm
638 240 776 276 manet
802 233 886 275 alta
909 240 1047 275 mente
1071 239 1282 289 repostum

190 296 389 337 iudicium
413 296 577 337 Paridis
603 303 849 351 spretaeque
874 296 1024 337 iniuria
1047 296 1204 337 formae

193 365 233 399 et
256 374 388 414 genus
414 358 593 399 invisum
621 365 662 399 et
685 358 791 413 rapti
818 357 1077 412 Ganymedis
1102 358 1298 400 honores:

192 420 254 461 his
281 435 457 462 aceensa
482 436 606 475 super
631 421 804 461 iactatos
831 435 1009 474 aequore
1035 427 1119 462 toto

191 482 338 532 Troas,
362 483 572 536 relliquias
597 483 794 523 Danaum
820 490 944 536 atque
969 483 1137 524 immitis
1166 482 1333 532 Achilli,

191 546 359 586 arcebat
383 546 508 599 longe
533 544 671 594 Latio,
698 545 934 598 multosque
959 560 1033 600 per
1057 560 1186 586 annos

191 608 387 649 errabant
411 607 492 648 acti
517 607 612 648 fatis
638 607 768 648 maria
792 607 931 648 omnia
957 608 1124 649 circum.

190 676 328 711 tantae
355 670 473 710 molis
499 676 587 711 erat
611 669 845 710 Romanam
871 669 1048 711 condere
1072 676 1253 725 gentem.

247 731 332 774 Vix
358 747 379 772 e
405 738 630 786 conspectu
657 730 824 773 Siculae
850 731 1007 772 telluris
1032 732 1074 772 in
1099 732 1229 772 altum

190 795 283 835 vela
308 794 465 835 dabant
489 794 585 834 laeti
611 800 652 835 et
676 808 844 848 spumas
871 793 968 835 salis
995 809 1088 835 aere
1114 794 1303 841 ruebant,

190 872 285 898 cum
310 857 431 905 Iuno,
458 864 673 898 aeternum
698 871 868 898 servans
894 856 972 897 sub
996 863 1163 911 pectore
1188 857 1354 905 vulnus,

189 919 293 960 haec
319 935 477 960 secum:
506 924 645 960 ‘mene
670 918 836 973 incepto
862 918 1060 960 desistere
1085 918 1238 960 victam

188 996 266 1023 nec
291 997 411 1036 posse
436 981 559 1022 Italia
583 981 844 1022 Teucrorum
869 987 1056 1022 avertere
1081 981 1249 1036 regem?

191 1044 347 1099 quippe
378 1050 495 1085 vetor
519 1043 629 1085 fatis.
676 1043 873 1085 Pallasne
899 1058 1072 1085 exurere
1098 1044 1272 1084 classem

190 1108 400 1162 Argivum
424 1114 550 1160 atque
573 1106 684 1161 ipsos
709 1106 844 1160 potuit.
868 1106 1136 1160 submergere
1162 1112 1289 1160 ponto

189 1170 311 1210 unius
339 1170 391 1210 ob
417 1184 570 1210 noxam
596 1175 636 1209 et
659 1168 788 1209 furias
814 1168 957 1209 Aiacis
984 1167 1119 1210 Oilei?

189 1232 283 1287 ipsa
307 1231 420 1273 Iovis
444 1231 637 1286 rapidum
662 1231 842 1272 iaculata
867 1246 888 1272 e
912 1231 1094 1271 nubibus
1119 1230 1259 1286 ignem

190 1295 432 1348 disiecitque
456 1301 566 1336 rates
591 1294 821 1347 evertitque
847 1307 1029 1347 aequora
1053 1293 1200 1343 ventis,

191 1358 307 1398 illum
334 1358 592 1413 expirantem
618 1357 815 1398 transfixo
841 1363 1006 1411 pectore
1031 1356 1220 1398 flammas

192 1421 357 1462 turbine
384 1420 582 1475 corripuit
606 1420 860 1474 scopuloque
885 1419 1019 1459 infixit
1043 1426 1182 1460 acuto:

190 1491 254 1524 ast.
278 1498 370 1539 ego,
397 1497 504 1537 quae
530 1483 672 1523 divum
697 1482 845 1523 incedo
870 1481 1027 1536 regina,
1053 1481 1250 1535 Iovisque

191 1554 231 1587 et
257 1561 370 1587 soror
395 1553 436 1587 et
461 1545 654 1594 coniunx,
680 1560 765 1586 una
791 1559 885 1585 cum
911 1551 1033 1600 gente
1059 1551 1119 1585 tot
1143 1559 1271 1585 annos

190 1609 298 1650 bella
323 1623 436 1664 gero.
485 1615 527 1649 et
551 1608 770 1661 quisquam
796 1622 951 1648 numen
975 1606 1146 1647 Iunonis
1172 1607 1318 1648 adorat

189 1680 405 1727 praeterea
430 1678 502 1712 aut
527 1671 703 1725 supplex
729 1669 809 1711 aris
835 1670 1020 1724 imponet
1043 1669 1282 1711 l1on0rem?'

246 1734 367 1775 Talia
391 1734 601 1774 flammato
629 1748 769 1775 secum
795 1732 873 1774 dea
898 1732 1021 1773 corde
1046 1733 1236 1773 volutans

189 1796 425 1837 nimborum
450 1795 493 1836 in
518 1795 708 1850 patriam,
734 1795 826 1835 loca
850 1795 935 1836 feta
960 1794 1193 1836 furentibus
1225 1793 1388 1843 austris,

188 1859 383 1900 Aeoliam
408 1858 533 1900 venit.
594 1857 660 1898 hic
686 1865 803 1898 vasto
828 1872 901 1898 rex
927 1857 1086 1898 Aeolus
1113 1864 1230 1898 antro

189 1921 392 1962 luctantes
417 1927 562 1962 ventos
589 1926 939 1974 tempestatesque
966 1934 1136 1960 sonoras

189 1983 362 2038 imperio
387 1983 538 2038 premit
562 1997 610 2024 ac
635 1982 780 2024 vinclis
806 1989 847 2023 et
871 1996 1034 2023 carcere
1061 1982 1208 2023 frenat.

189 2046 248 2087 illi
271 2046 535 2101 indignantes
561 2060 714 2099 magno
740 2059 834 2086 cum
860 2060 1071 2086 murmure
1097 2044 1248 2085 montis

192 2109 348 2151 circum
374 2109 554 2150 claustra
578 2108 779 2156 fremunt3
807 2108 917 2149 celsa
942 2107 1056 2149 sedet
1081 2107 1240 2148 Aeolus
1267 2121 1360 2147 arce

193 2179 356 2227 sceptra
381 2178 526 2212 tenens
552 2171 768 2224 mollitque
793 2170 950 2211 animos
976 2177 1017 2211 et
1041 2176 1241 2224 temperat
1267 2169 1361 2210 iras.

191 2235 233 2275 ni
258 2233 395 2283 faciat,
421 2233 551 2275 maria
577 2248 625 2274 ac
651 2240 780 2274 terras
806 2233 1051 2287 caelumque
1075 2231 1329 2287 profundum

192 2298 347 2352 quippe
372 2297 508 2338 ferant
531 2295 664 2351 rapidi
688 2310 830 2337 secum
855 2302 1103 2349 verrantque
1128 2309 1201 2349 per
1226 2308 1365 2335 auras:

193 2360 266 2402 sed
291 2366 408 2414 pater
432 2359 693 2413 omnipotens
721 2358 927 2412 speluncis
954 2357 1113 2398 abdidit
1137 2355 1250 2406 atris,

193 2422 271 2463 hoc
294 2428 498 2471 metuens,
524 2421 759 2474 molemque
786 2428 825 2462 et
849 2427 1010 2462 montes
1035 2421 1204 2474 insuper
1228 2419 1332 2461 altos

191 2484 390 2540 imposuit
413 2499 640 2540 regemque
666 2483 791 2531 dedit,
819 2484 889 2537 qui
916 2482 1082 2524 foedere
1108 2489 1219 2524 certo

193 2555 234 2589 et
257 2562 444 2602 premere
469 2553 509 2588 et
532 2547 647 2587 laxas
673 2546 795 2587 sciret.
819 2545 916 2587 dare
941 2545 1078 2586 iussus
1103 2545 1303 2586 habenas.

193 2609 247 2651 ad
271 2624 395 2663 quem
421 2616 509 2650 tum
534 2608 641 2650 Iuno
668 2608 844 2663 supplex
869 2607 931 2650 his
958 2607 1130 2650 vocibus
1155 2622 1230 2648 usa
1255 2612 1335 2649 est:
