1660 2847
568 145 823 184 AENEIDOS
846 146 943 182 LIB.
969 146 1053 184 VH.

146 266 252 306 quae
275 259 495 308 postquam
518 251 726 294 Anchises
751 257 895 293 natum
918 265 994 306 per
1017 251 1182 307 singula
1205 250 1326 293 duxit

145 315 408 369 incenditque
432 314 616 356 animum
639 314 777 356 famae
801 313 1003 355 venientis
1030 329 1183 363 amore,

146 377 240 418 exin
265 377 375 418 bella
398 377 486 417 viro
510 383 712 418 memorat
736 390 843 430 quae
868 375 1017 417 deinde
1041 375 1239 430 gerenda,

145 438 450 492 Laurentisque
475 438 596 479 docet
619 438 796 492 populos
820 437 1050 491 urbemque
1074 437 1230 486 Latini,

146 507 186 541 et
209 514 291 554 quo
315 514 522 554 quemque
547 499 670 540 modo
694 499 911 554 fugiatque
935 499 1125 553 feratque
1148 499 1347 541 laborem.

204 561 312 603 Sunt
336 562 527 616 geminae
553 561 699 603 Somni
723 568 886 616 portae:
912 575 1090 614 quarum
1114 561 1244 603 altera
1267 560 1399 603 fertur

145 638 308 673 cornea,
333 637 417 677 qua
440 623 547 665 veris
571 623 705 664 facilis
731 623 853 664 datur
877 623 1012 664 exitus
1036 623 1207 673 umbris,

145 686 273 726 altera
297 685 487 727 candenti
511 685 695 740 perfecta
718 685 853 726 nitens
878 685 1110 740 elephanto,

144 747 218 788 sed
241 747 347 789 falsa
372 747 424 788 ad
449 747 610 789 caelum
634 746 803 788 mittunt
826 747 1031 789 insomnia
1054 762 1210 789 manes.

143 809 206 850 his
231 809 303 850 ubi
328 817 416 850 tum
440 818 584 850 natum
609 809 817 851 Anchises
842 823 1008 862 unaque
1035 809 1240 864 Sibyllam

143 871 407 926 prosequitur
432 871 550 912 dictis
575 878 778 926 portaque
803 871 951 912 emittit
976 871 1148 921 eburna,

142 934 210 974 ille
235 933 345 974 viam
369 941 482 974 secat
506 933 560 974 ad
584 933 701 974 navis
726 934 944 987 sociosque
967 933 1128 983 revisit3

143 1001 231 1035 tum
257 1010 300 1036 se
325 996 379 1036 ad
403 994 573 1037 Caietae
597 1002 710 1037 recto
735 995 816 1037 fert
838 996 956 1037 litore
980 1003 1156 1051 portum.

143 1057 322 1098 anchora
347 1057 398 1099 de
422 1071 544 1112 prora
568 1056 733 1107 iacitur;
759 1065 869 1099 stant
892 1057 1010 1099 litore
1034 1072 1208 1113 puppes.

559 1343 1055 1398 AENEIDOS

651 1491 841 1530 LIBER
875 1492 968 1531 VH.

195 1613 263 1654 Tu
288 1627 455 1668 quoque
477 1612 666 1655 litoribus
690 1613 854 1662 nostris,
880 1613 1043 1655 Aeneia
1067 1614 1219 1665 nutrix,

140 1682 350 1717 aeternam
374 1675 553 1717 moriens
578 1675 748 1724 famam,
776 1674 936 1725 Caieta,
962 1676 1129 1726 dedisti3

140 1745 181 1779 et
203 1752 315 1779 nunc
339 1745 476 1779 servat
499 1738 630 1779 honos
656 1737 797 1779 sedem
821 1744 917 1778 tuus
942 1752 1120 1792 ossaque
1144 1754 1296 1781 nomen

139 1799 345 1854 Hesperia
368 1800 410 1840 in
435 1815 600 1855 magna,
626 1800 744 1853 siqua
768 1807 831 1841 est
855 1815 904 1841 ea
927 1800 1073 1854 gloria,
1099 1802 1278 1856 signant.

139 1868 182 1902 at
204 1862 297 1916 pius
322 1862 506 1915 exequiis
531 1862 697 1903 Aeneas
722 1861 799 1902 rite
823 1861 982 1911 solutis,

139 1938 291 1979 aggere
316 1923 544 1978 composito
568 1924 729 1973 tumuli,
754 1930 974 1978 postquam
1001 1925 1084 1966 alta
1108 1925 1304 1978 quierunt

140 2000 333 2039 aequora,
357 1985 488 2027 tendit
510 1985 587 2027 iter
611 1986 713 2028 velis
737 1993 986 2040 portumque
1010 1987 1217 2041 relinquit.

140 2048 352 2102 adspirant
374 2062 499 2089 aurae
523 2048 566 2088 in
590 2054 767 2097 noctem,
792 2063 869 2090 nec
894 2048 1072 2090 candida
1096 2064 1240 2092 cursus

139 2111 238 2152 luna
261 2116 399 2164 negat,
426 2109 617 2165 splendet
639 2110 815 2151 tremulo
841 2110 918 2151 sub
942 2110 1098 2153 lumine
1122 2119 1287 2167 pontus.

138 2171 327 2226 proxima
352 2169 551 2213 Circaeae
574 2171 777 2212 raduntur
800 2171 920 2212 litora
943 2178 1092 2222 terrae,

140 2233 255 2274 dives
279 2233 511 2274 inaccessos
535 2233 608 2274 ubi
634 2232 744 2275 Solis
768 2233 853 2274 filia
876 2233 992 2275 lucos

140 2295 314 2337 adsiduo
338 2302 505 2336 resonat
529 2302 652 2337 cantu
677 2295 878 2349 tectisque
904 2296 1092 2350 superbis

139 2357 222 2398 urit
247 2357 458 2398 odoratam
480 2364 683 2398 nocturna
706 2357 749 2398 in
773 2358 930 2399 lumina
954 2358 1137 2410 cedrum,

141 2427 288 2475 arguto
313 2419 446 2460 tenuis
471 2435 714 2474 percurrens
738 2419 900 2474 pectine
924 2421 1040 2462 telas.

139 2482 237 2523 hinc
261 2481 445 2523 exaudiri
469 2482 647 2536 gemitus
671 2482 839 2535 iraeque
863 2482 1044 2532 leonum,

141 2544 277 2585 vincla
299 2551 564 2585 recusantum
589 2551 629 2586 et
652 2559 743 2586 sera
768 2545 845 2586 sub
869 2552 990 2586 nocte
1014 2546 1249 2597 rudentum,

142 2606 417 2662 saetigerique
442 2621 536 2649 sues
560 2614 682 2662 atque
705 2607 748 2647 in
772 2607 1039 2663 praesepibus
1065 2609 1149 2651 ursi

1404 137 1487 180 213

1512 387 1578 419 890

1512 694 1577 726 895

1512 1004 1576 1036 900

1507 2186 1548 2218 10

1508 2497 1548 2528 15
