1660 2847
218 153 323 196 222-
633 164 677 201 P.
700 164 908 202 VERGILI
932 165 1157 203 MARONIS

128 278 194 311 330
218 283 344 322 quam
368 268 475 310 Iuno
499 268 563 310 his
588 269 698 311 acuit
721 269 860 312 verbis
885 284 933 311 ac
958 270 1056 312 talia
1079 271 1208 312 fatur:

219 331 348 372 ‘hunc
371 331 473 372 mihi
497 332 551 373 da
574 331 800 386 proprium,
825 331 943 387 virgo
969 339 1058 374 sata
1081 333 1227 383 Nocte,
1253 333 1450 382 laborem,

218 393 325 435 hanc
350 409 533 448 operam,
558 409 610 435 ne
635 401 774 436 noster
797 394 928 435 honos
952 394 1180 437 infractave
1205 395 1324 437 cedat

217 456 331 497 fama
353 457 444 497 loco
470 471 551 497 neu
576 456 749 497 conubis
775 456 932 498 ambire
957 456 1158 498 Latinum

217 519 444 560 Aeneadae
468 518 627 573 possint
650 518 831 560 Italosve
856 519 1044 560 obsidere
1069 519 1173 560 finis.

128 591 191 622 335
217 587 261 621 tu
286 587 404 635 potes
429 580 647 621 unanimos
673 596 834 623 armare
858 581 900 621 in
925 582 1081 636 proclia
1105 582 1253 624 fratres

217 650 342 697 atque
367 642 470 683 odiis
496 657 660 684 versare
685 643 843 692 domos,
870 650 912 684 tu
940 643 1112 685 verbera
1135 644 1253 685 tectis

217 705 495 759 funereasque
520 704 672 746 inferre
696 705 822 754 faces,
849 705 922 746 tibi
946 706 1115 747 nomina
1139 706 1263 754 mille,

217 768 329 809 mille
352 767 530 808 nocendi
554 774 675 808 artes.
724 767 950 809 fecundum
976 775 1149 809 concute
1174 775 1332 822 pectus,

218 830 344 871 disice
370 829 640 884 compositam
664 844 823 884 pacem,
850 844 938 871 sere
964 830 1136 871 crimina
1161 829 1274 879 belli3

128 903 192 933 340
217 907 332 933 arma
356 892 456 933 velit
480 899 706 946 poscatque
732 891 853 932 simul
878 892 1094 946 rapiatque
1117 891 1335 933 iuventus.’

275 954 385 994 Exin
412 953 646 1008 Gorgoneis
671 954 837 995 Allecto
861 954 1016 995 infecta
1039 953 1208 995 venenis

217 1016 420 1072 principio
445 1015 618 1056 Latium
643 1022 685 1056 et
708 1015 932 1057 Laurentis
957 1022 1065 1057 tecta
1090 1015 1254 1070 tyranni

216 1080 326 1121 celsa
350 1078 453 1133 petit
475 1078 729 1131 tacitumque
755 1078 916 1119 obsedit
940 1079 1064 1120 limen
1091 1080 1281 1127 Amatae,

216 1156 343 1196 quam
367 1155 493 1195 super
517 1140 699 1181 adventu
723 1140 933 1181 Teucrum
958 1141 1174 1195 Turnique
1199 1140 1440 1195 hymenaeis

127 1216 190 1246 345
215 1204 421 1245 femineae
445 1203 659 1244 ardentem
684 1217 890 1256 curaeque
915 1203 1082 1257 iraeque
1108 1204 1354 1257 coquebant.

215 1267 312 1307 huic
336 1266 414 1307 dea
439 1265 638 1306 caeruleis
663 1280 793 1305 unum
818 1266 868 1307 de
894 1266 1076 1306 crinibus
1102 1281 1283 1320 anguem

217 1328 369 1370 conicit
391 1328 518 1381 inque
544 1328 681 1368 sinum
706 1328 950 1382 praecordia
974 1328 1026 1369 ad
1051 1329 1195 1369 intima
1221 1327 1375 1377 subdit,

216 1406 299 1446 quo
323 1390 550 1431 furibunda
575 1391 744 1430 domum
769 1397 952 1431 monstro
977 1390 1224 1446 permisceat
1248 1405 1425 1432 omnem.

215 1454 284 1495 ille
309 1454 416 1494 inter
440 1459 575 1494 vestes
601 1459 642 1494 et
665 1453 773 1493 levia
797 1460 965 1508 pectora
989 1454 1129 1508 lapsus

127 1529 192 1560 350
216 1516 397 1558 volvitur
421 1521 578 1556 attactu
603 1515 717 1555 nullo
743 1515 932 1569 fallitque
957 1515 1175 1563 furentem,

215 1579 427 1634 vipeream
451 1578 657 1632 inspirans
683 1578 882 1627 animam3
907 1578 953 1618 fit
978 1578 1112 1619 tortile
1137 1578 1242 1619 collo

217 1656 365 1684 aurum
390 1640 538 1695 ingens
564 1640 746 1689 coluber,
771 1640 818 1680 fit
841 1640 991 1694 longae
1016 1640 1153 1681 taenia
1177 1640 1315 1688 vittae,

215 1704 469 1757 innectitque
494 1717 634 1744 comas
660 1709 700 1743 et
723 1702 922 1743 membris
946 1703 1130 1744 lubricus
1156 1710 1277 1744 errat.

216 1782 264 1809 ac
295 1767 394 1807 dum
418 1765 552 1820 prima
575 1766 663 1806 lues
690 1765 772 1805 udo
799 1765 996 1819 sublapsa
1020 1779 1180 1806 veneno

127 1842 190 1873 355
215 1835 467 1886 pertemptat
490 1842 635 1869 sensus
661 1834 785 1881 atque
810 1827 973 1868 ossibus
997 1827 1183 1881 implicat
1206 1826 1361 1881 ignem,

215 1892 396 1934 necdum
421 1890 583 1931 animus
608 1896 693 1930 toto
718 1890 902 1944 percepit
926 1899 1091 1944 pectore
1116 1889 1340 1937 flammam,

216 1954 381 1996 mollius
408 1960 447 1994 et
472 1952 591 1993 solito
617 1958 796 1992 matrum
822 1952 873 1993 de
898 1966 1012 1993 more
1036 1952 1174 1992 locuta
1199 1958 1274 2000 est,

215 2017 347 2059 multa
372 2030 497 2070 super
520 2022 642 2056 natae
667 2014 887 2056 lacrimans
912 2013 1193 2069 Phrygiisque
1219 2011 1479 2068 hymenaeis:

217 2079 484 2122 ‘exulibusne
510 2078 631 2118 datur
655 2077 846 2118 ducenda
870 2076 1050 2117 Lavinia
1074 2076 1262 2123 Teucris,

128 2155 193 2186 360
217 2158 241 2184 o
266 2141 453 2197 genitor?
478 2154 555 2181 nec
580 2146 620 2180 te
644 2139 812 2180 miseret
836 2145 1070 2194 gnataeque
1094 2138 1262 2191 tuique?

216 2220 294 2247 nec
319 2202 461 2244 matris
484 2203 664 2251 miseret,
690 2215 816 2255 quam
842 2201 976 2256 primo
1001 2201 1192 2254 aquilone
1217 2199 1420 2253 relinquet

218 2267 402 2324 perfidus
427 2266 510 2306 alta
534 2271 679 2320 petens
704 2264 884 2305 abducta
908 2263 1069 2318 virgine
1093 2262 1272 2318 praedo?

219 2346 273 2372 an
297 2344 380 2370 non
406 2328 464 2369 sic
488 2327 702 2382 Phrygius
727 2333 917 2381 penetrat
940 2326 1261 2367 Lacedaemona
1285 2330 1426 2379 pastor

219 2392 517 2444 Ledaeamque
543 2390 751 2430 Helenam
776 2388 978 2429 Troianas
1003 2387 1115 2429 vexit
1140 2387 1192 2428 ad
1217 2387 1367 2428 urbes?

131 2468 194 2498 365
220 2455 320 2510 quid
346 2461 417 2494 tua
442 2459 584 2493 sancta
608 2452 736 2492 fides?
760 2451 861 2505 quid
887 2465 985 2492 cura
1009 2450 1180 2503 antiqua
1204 2456 1370 2490 tuorum

222 2524 264 2559 et
288 2515 597 2569 consanguineo
623 2513 771 2555 totiens
796 2514 892 2554 data
917 2513 1086 2555 dextera
1110 2512 1279 2553 Turno?

222 2580 255 2620 si
281 2593 407 2634 gener
433 2584 603 2619 externa
627 2577 781 2631 petitur
805 2576 856 2617 de
882 2583 1005 2630 gente
1031 2575 1193 2615 Latinis

222 2643 347 2696 idque
372 2640 489 2682 sedet
511 2639 731 2693 Faunique
755 2645 950 2693 premunt
973 2645 1012 2680 te
1037 2637 1150 2678 iussa
1174 2636 1369 2692 parentis,
