1622 2847
55 389 118 421 305

53 701 118 732 310

53 1013 116 1044 315

53 1326 117 1357 320

53 1954 116 1985 330

54 2265 118 2296 335

148 139 228 184 138
554 149 596 187 P.
619 150 831 188 VERGILI
855 151 1097 194 MARONIS-

144 254 304 296 libabat
328 254 454 297 cineri
479 255 774 298 Andromache
799 270 1026 311 manesque
1049 256 1225 298 vocabat

144 316 401 358 Hectoreum
427 318 480 359 ad
505 318 725 368 tumulum,
752 318 873 360 viridi
898 332 1021 372 quem
1047 319 1226 374 caespite
1251 318 1416 361 inanem

145 385 186 420 et
209 380 412 434 geminas,
438 394 607 421 eausam
631 381 824 429 lacrimis,
852 388 1089 423 sacraverat
1114 396 1218 422 aras.

143 448 188 482 ut
213 456 279 483 me
305 442 520 497 conspexit
544 443 779 484 venientem
804 449 845 484 et
868 443 996 484 Troia
1020 443 1176 485 circum

143 519 258 545 arma
284 519 426 545 amens
453 504 568 553 vidit,
595 505 757 560 magnis
783 505 978 547 exterrita
1002 505 1197 547 monstris

144 566 323 620 deriguit
348 566 439 607 visu
463 567 505 607 in
530 567 681 616 medie,
707 567 819 609 calor
843 581 938 609 ossa
961 568 1142 621 reliquit,

142 628 295 668 labitur
320 635 361 669 et
384 628 510 683 longo
536 629 605 670 vix
631 629 800 670 tandem
825 636 1010 685 tempore
1036 631 1163 670 fatur:

143 694 313 731 ‘verane
339 698 379 731 te
403 691 544 740 facies,
571 706 693 732 verus
718 692 820 732 mihi
844 692 1015 733 nuntius
1042 692 1193 741 adfers,

142 760 236 793 nate
262 752 365 793 dea?
390 753 575 794 vivisne?
601 760 685 803 aut,
711 754 745 794 si
769 755 842 795 lux
867 754 977 796 alma
1000 754 1183 803 recessit,

143 815 302 856 Hector
327 815 399 855 ubi
425 815 527 855 est?'
555 815 658 856 dixit
682 816 955 869 lacrimasque
981 816 1127 858 effudit
1153 822 1194 857 et
1218 830 1384 857 omnem

141 877 329 931 implevit
354 877 532 919 clamore
558 878 708 918 locum.
757 878 827 919 vix
852 893 986 933 pauca
1010 878 1164 919 furenti

143 940 302 980 subicio
329 946 369 980 et
393 939 495 980 raris
521 940 712 980 turbatus
738 940 909 981 vocibus
935 940 1067 982 hisco:

144 1002 257 1043 ‘vivo
284 1002 476 1055 equidem
501 1002 712 1055 vitamque
738 1009 924 1044 extrema
947 1017 1021 1058 per
1045 1002 1185 1044 omnia
1209 1001 1337 1052 duco;

141 1080 194 1106 ne
218 1064 376 1112 dubita,
401 1080 498 1105 nam
523 1079 621 1105 vera
646 1065 774 1107 vides.

142 1128 224 1169 heu
249 1127 340 1180 quis
365 1133 405 1167 te
430 1142 550 1168 casus
576 1127 778 1168 deiectam
804 1127 980 1182 coniuge
1006 1134 1119 1168 tanto

143 1189 310 1244 exeipit,
335 1195 408 1230 aut
432 1203 538 1242 quae
564 1189 692 1243 digna
718 1189 816 1230 satis
841 1189 1009 1231 fortuna
1032 1190 1197 1231 revisit?

141 1252 337 1293 Hectoris
363 1251 658 1292 Andromache
682 1251 863 1305 Pyrrhin
889 1251 1068 1293 conubia
1093 1250 1275 1293 servas?'

143 1314 292 1356 deiecit
316 1315 476 1355 vultum
503 1321 541 1355 et
568 1314 747 1355 demissa
772 1329 874 1356 voce
899 1315 1038 1356 locuta
1063 1323 1143 1356 est:

141 1382 185 1419 ‘o
209 1377 309 1418 felix
334 1391 417 1417 una
442 1383 536 1418 ante
563 1376 663 1417 alias
688 1376 899 1418 Priameia
924 1377 1055 1431 virgo,

141 1440 332 1481 hostilem
358 1439 410 1480 ad
435 1439 643 1479 tumulum
667 1439 818 1480 Troiae
843 1439 921 1480 sub
946 1439 1165 1481 moenibus
1191 1438 1283 1480 altis

140 1503 254 1544 iussa
279 1502 395 1551 mori,
421 1516 528 1555 quae
554 1502 720 1542 sortitus
745 1517 827 1542 non
852 1502 1023 1556 pertulit
1046 1502 1151 1542 ullos

141 1580 218 1607 nec
244 1564 409 1606 victoris
437 1564 495 1605 eri
520 1564 653 1619 tetigit
679 1564 843 1618 captiva
869 1563 1024 1605 cubile!

100 1640 112 1646 ”
141 1643 215 1669 nos
241 1627 375 1682 patria
398 1627 568 1668 incensa
594 1627 757 1668 diversa
782 1641 856 1681 per
881 1640 1063 1680 aequora
1087 1633 1230 1667 vectae

142 1690 281 1745 stirpis
308 1689 525 1730 Achilleae
550 1689 681 1730 fastus
706 1689 985 1742 iuvenemque
1011 1688 1252 1743 superbum,

144 1753 309 1795 servitio
336 1752 496 1800 enixae,
523 1751 693 1792 tulimus
703 1768 712 1800 3
740 1751 811 1805 qui
836 1751 999 1800 deinde,
1027 1758 1192 1792 secutus

142 1816 358 1857 Ledaeam
384 1814 642 1855 Hermionen
669 1813 1111 1866 Lacedaemoniosque
1137 1813 1403 1867 hymenaeos,

142 1894 209 1920 me
233 1877 390 1919 famulo
416 1877 697 1930 famulamque
724 1877 887 1917 Heleno
912 1875 1139 1917 transmisit
1163 1875 1409 1916 habendam.

143 1948 207 1983 ast
229 1941 346 1982 illum
372 1946 538 1994 ereptae
562 1954 715 1994 magno
741 1939 1020 1979 inflammatus
1045 1952 1185 1979 amore

144 2002 331 2058 coniugis
357 2008 398 2043 et
424 2002 625 2043 scelerum
651 2001 768 2042 furiis
795 2001 976 2055 agitatus
1003 1999 1175 2042 Orestes

143 2065 295 2120 excipit
318 2064 531 2105 incautum
555 2064 793 2117 patriasque
819 2063 1041 2103 obtruncat
1065 2062 1117 2102 ad
1141 2076 1246 2102 aras.

141 2136 274 2170 morte
299 2126 564 2181 Neoptolemi
588 2140 813 2180 regnorum
838 2125 999 2166 reddita
1025 2124 1147 2166 cessit

142 2206 237 2246 pars
263 2190 440 2237 Heleno,
467 2188 540 2242 qui
565 2187 774 2230 Chaonios
800 2187 1046 2242 cognomine
1072 2201 1240 2241 campos

145 2251 462 2304 Chaoniamque
487 2264 652 2291 omnem
677 2250 858 2291 Troiano
884 2265 908 2290 a
934 2248 1105 2290 Chaone
1132 2249 1248 2297 dixit,

142 2317 435 2370 Pergamaque
460 2313 714 2366 Iliacamque
739 2312 848 2367 iugis
873 2312 980 2353 hanc
1005 2311 1161 2352 addidit
1187 2325 1337 2352 arcem.

144 2378 218 2420 sed
241 2376 315 2417 tibi
340 2375 411 2430 qui
436 2389 605 2416 cursum
629 2374 754 2423 venti,
780 2389 886 2428 quae
912 2374 997 2415 sata
1022 2373 1198 2414 dedere?

146 2446 218 2482 aut
243 2438 434 2492 quisnam
459 2437 652 2492 ignarum
677 2437 826 2477 nostris
853 2436 954 2478 deus
981 2435 1139 2490 adpulit
1164 2434 1269 2476 oris?

144 2502 244 2557 quid
269 2515 372 2556 puer
396 2499 629 2541 Ascanius?
655 2500 901 2554 superatne?
925 2505 966 2540 et
989 2498 1168 2540 vescitur
1193 2512 1307 2547 aura,

57 2577 120 2608 340
145 2579 252 2620 quae
277 2562 351 2603 tibi
376 2563 458 2603 iam
483 2562 611 2603 Troia
637 2586 687 2591 —

148 2641 278 2682 ecqua
302 2633 443 2667 tamen
467 2639 596 2680 puero
621 2631 684 2666 est
707 2623 884 2666 amissae
910 2638 1009 2666 cura
1034 2623 1240 2679 parentis?
