1660 2847
186 432 250 463 345

185 742 250 774 350

187 1054 250 1084 355

188 1366 252 1397 360

190 1680 253 1711 365

193 1994 257 2024 370

195 2306 257 2336 375

274 121 359 166 284
682 131 725 165 Ρ.
749 129 959 167 VERGILI
983 129 1209 167 MARONIS

273 236 452 278 Aenean
475 235 611 290 petiit3
638 234 712 277 sed
735 249 819 276 non
844 240 885 276 et
907 234 1035 290 figere
1060 240 1203 276 contra

276 305 338 340 est
360 298 519 340 licitum
544 297 769 352 magnique
794 296 930 339 femur
953 296 1193 352 perstrinxit
1215 295 1420 339 Achatae.

274 359 341 401 hic
367 359 562 409 Curibus,
587 359 719 401 fidens
744 359 956 414 primaevo
981 373 1166 414 corpore,
1193 357 1373 399 Clausus

276 422 445 464 advenit
470 428 510 463 et
533 421 669 476 rigida
692 422 910 476 Dryopem
934 420 1029 463 ferit
1054 421 1213 462 eminus
1239 420 1359 461 hasta

277 484 355 526 sub
380 490 567 525 mentum
591 483 773 538 graviter
796 498 939 538 pressa
963 482 1198 538 pariterque
1223 481 1428 536 loquentis

275 560 420 588 vocem
445 546 709 600 animamque
733 546 840 601 rapit
865 545 1035 586 traiecto
1059 552 1244 600 gutture:
1272 550 1312 585 at
1337 544 1407 585 ille

275 608 410 649 fronte
435 607 530 649 ferit
555 615 707 649 terram
731 614 772 648 et
797 622 981 648 crassum
1005 606 1134 647 vomit
1158 621 1229 648 ore
1254 620 1456 648 cruorem.

276 669 349 710 tris
374 684 541 723 quoque
566 669 781 712 Threicios
806 670 968 711 Boreae
994 668 1045 710 de
1069 675 1193 723 gente
1219 683 1412 722 suprema

276 739 317 774 et
340 732 426 781 tris,
452 746 557 786 quos
582 732 680 774 Idas
704 738 822 787 pater
846 739 887 774 et
910 731 1044 787 patria
1067 731 1229 772 Ismara
1253 730 1388 780 mittit,

274 809 348 850 per
372 794 507 835 varios
532 794 679 836 sternit
703 809 836 836 casus.
885 794 1062 836 accurrit
1087 793 1295 834 Halaesus

276 856 588 910 Auruncaeque
613 872 775 906 manus,
802 856 914 898 subit
939 863 980 897 et
1001 855 1212 910 Neptunia
1236 854 1387 909 proles,

276 918 450 973 insignis
475 919 699 974 Messapus
726 918 855 972 cquis.
904 919 1109 973 expellere
1134 916 1311 958 tendunt

276 996 387 1022 nunc
412 981 467 1031 hi,
492 996 605 1023 nunc
629 981 705 1031 illi3
732 988 912 1023 certatur
936 980 1076 1022 limine
1101 979 1144 1020 in
1167 979 1257 1034 ipso

277 1043 505 1084 Ausoniae.
555 1058 707 1099 magno
733 1043 945 1084 discordes
971 1042 1136 1084 aethere
1163 1040 1275 1082 venti

276 1106 433 1161 proelia
458 1121 534 1147 ceu
559 1106 708 1147 tollunt
732 1106 879 1147 animis
905 1112 946 1147 et
970 1105 1127 1146 viribus
1153 1103 1315 1157 aequis3

277 1183 360 1209 non
384 1168 463 1223 ipsi
488 1169 594 1210 inter
619 1184 675 1217 se,
700 1183 784 1209 non
808 1168 965 1216 nubila,
990 1182 1073 1208 non
1099 1181 1212 1208 mare
1237 1165 1364 1215 cedit3

278 1245 430 1285 anceps
456 1246 599 1286 pugna
624 1231 708 1279 diu,
733 1238 842 1271 stant.
866 1230 1020 1271 obnixa
1045 1229 1183 1270 omnia
1207 1234 1367 1269 contra:

277 1292 389 1334 haud
414 1293 531 1334 aliter
555 1293 761 1334 Troianae
787 1292 895 1334 acies
920 1292 1115 1345 aciesque
1139 1290 1319 1332 Latinae

277 1362 541 1405 concurrunt,
568 1355 710 1397 haeret
733 1356 839 1410 pede
864 1370 937 1410 pes
963 1354 1199 1407 densusque
1224 1352 1313 1394 viro
1338 1352 1414 1395 vir.

334 1418 395 1459 At
419 1425 536 1472 parte
562 1433 613 1459 ex
639 1418 733 1467 alia,
759 1433 842 1471 qua
867 1432 967 1458 saxa
991 1416 1169 1457 rotantia
1192 1415 1275 1456 late

278 1480 486 1535 inpulerat
511 1488 670 1522 torrens
696 1480 948 1533 arbustaque
974 1479 1111 1520 diruta
1134 1479 1247 1532 ripis,

278 1543 483 1592 Arcadas,
509 1543 692 1584 insuetos
718 1543 826 1584 acies
852 1541 1003 1583 inferre
1028 1541 1244 1596 pedestris,

278 1613 325 1647 ut
349 1606 453 1647 vidit
475 1607 615 1647 Pallas
641 1606 765 1647 Latio
790 1605 888 1647 dare
913 1612 1031 1660 terga
1059 1602 1227 1657 sequaci

280 1673 444 1724 (aspera
467 1670 560 1722 quis
586 1676 735 1710 natura
759 1668 838 1709 loci
864 1667 1069 1708 dimittere
1094 1665 1261 1719 quando

280 1732 410 1773 suasit
433 1734 594 1785 equos),
619 1747 750 1772 unum
774 1730 887 1784 quod
911 1730 1035 1771 rebus
1061 1734 1188 1769 restat
1213 1726 1367 1781 egenis,

280 1808 391 1835 nunc
414 1808 550 1848 prece,
576 1808 687 1834 nunc
712 1793 831 1834 dictis
856 1792 1052 1833 virtutem
1076 1789 1266 1832 accendit
1289 1788 1458 1830 amaris:

280 1860 381 1910 ‘quo
407 1855 565 1910 fugitis,
591 1855 717 1896 socii?
742 1869 815 1909 per
839 1868 914 1895 vos
939 1859 980 1894 et
1003 1853 1126 1893 fortia
1149 1851 1273 1899 facta,

279 1933 354 1974 per
378 1917 495 1959 ducis
519 1917 708 1958 Euandri
732 1931 884 1958 nomen
910 1915 1155 1968 devictaque
1180 1913 1290 1954 bella

282 1995 481 2036 spemque
507 1995 655 2030 meam,
681 1979 839 2035 patriae
864 1992 970 2032 quae
995 1991 1106 2018 nunc
1131 1976 1243 2017 subit
1268 1974 1433 2016 aemula
1456 1975 1582 2025 laudi,

281 2044 395 2084 fidite
420 2058 471 2083 ne
496 2042 685 2098 pedibus.
734 2041 843 2083 ferro
867 2039 1098 2094 rumpenda
1122 2053 1196 2093 per
1220 2037 1348 2078 hostis

282 2112 345 2148 est
369 2105 448 2146 via.
498 2119 581 2159 qua
605 2105 757 2159 globus
781 2103 850 2144 ille
874 2102 1011 2144 virum
1037 2100 1305 2143 densissimus
1329 2106 1465 2155 urget,

282 2168 360 2210 hac
385 2182 459 2208 vos
484 2174 526 2209 et
548 2167 743 2208 Pallanta
767 2166 916 2207 ducem
940 2164 1075 2220 patria
1099 2164 1182 2204 alta
1206 2162 1398 2217 reposcit.

282 2230 454 2272 numina
478 2230 593 2271 nulla
617 2235 825 2284 premunt,
850 2226 1014 2269 mortali
1038 2239 1237 2281 urgemur
1261 2224 1314 2266 ab
1339 2224 1457 2266 hoste

283 2293 498 2342 mortales;
523 2292 696 2333 totidem
720 2291 840 2332 nobis
866 2290 1112 2343 animaeque
1137 2301 1381 2341 manusque.

284 2370 392 2405 ecce,
418 2355 543 2396 maris
567 2369 720 2409 magna
745 2353 899 2395 claudit
923 2367 998 2393 nos
1024 2350 1142 2393 obice
1167 2356 1333 2405 pontus,

285 2419 376 2460 dest
400 2418 481 2459 iarn
506 2425 615 2460 terra
640 2418 784 2471 fugae:
811 2416 985 2471 pelagus
1010 2413 1234 2455 Troiamne
1259 2412 1490 2468 petemus?'

284 2481 387 2522 haec
413 2481 470 2522 ait
494 2488 535 2522 et
558 2479 720 2521 medius
746 2479 895 2520 densos
921 2476 1152 2533 prorumpit
1176 2476 1217 2517 in
1242 2475 1385 2516 hostis.

286 2544 434 2585 obvius
459 2543 555 2584 huic
580 2542 773 2597 primum,
798 2541 894 2582 fatis
920 2540 1123 2581 adductus
1148 2537 1314 2592 iniquis,

197 2619 261 2652 380
285 2607 330 2648 fit
354 2606 513 2662 Lagus.
562 2606 685 2655 hunc,
712 2619 864 2660 magno
890 2603 1003 2645 vellit
1028 2602 1127 2644 dum
1153 2601 1334 2658 pondere
1360 2615 1519 2649 saxum,
