1660 2847
136 338 177 368 70

134 647 175 678 75

133 959 176 989 80

134 1271 175 1301 85

135 1581 178 1612 90

138 1892 179 1923 95

119 2205 182 2234 100

121 2515 182 2546 105

206 152 286 193 192
622 160 664 195 Ρ.
684 160 894 197 VERGILI
919 159 1144 197 MARONIS

202 271 288 304 tum
313 264 488 306 Phoebo
515 271 556 306 et
579 264 747 306 Triviae
773 265 904 306 solido
932 265 983 306 de
1008 279 1212 306 marmore
1238 265 1439 320 templum

201 326 415 367 instituam
441 326 653 379 festosque
679 327 767 368 dies
793 327 843 368 dc
868 327 1034 368 nomine
1059 326 1235 368 Phoebi.

202 396 242 429 te
266 402 431 442 quoque
457 403 611 443 magna
636 396 806 430 manent
830 389 969 443 regnis
995 389 1223 443 penetralia
1247 387 1410 429 nostris.

202 450 268 491 hic
293 465 371 505 ego
396 464 578 503 namque
603 457 695 491 tuas
721 460 852 491 sortes
878 465 1111 504 arcanaque
1137 451 1234 499 fata,

202 512 312 553 dicta
337 527 454 553 meae
479 512 607 566 genti,
634 527 786 567 ponam
811 513 1025 566 lectosque
1051 513 1236 561 sacrabo,

201 574 324 623 alma,
350 575 472 615 viros.
523 574 632 615 foliis
656 582 818 616 tantum
843 590 896 615 ne
922 575 1107 616 carmina
1131 575 1297 623 manda,

200 652 252 678 ne
277 636 444 677 turbata
468 636 607 677 volent
632 636 787 691 rapidis
811 637 992 678 ludibria
1016 637 1167 685 ventis3

201 699 292 753 ipsa
318 713 442 739 canas
468 698 566 739 oro.’
615 698 741 740 finem
766 699 878 740 dedit
905 714 975 740 ore
1000 699 1211 752 loquendi.

256 761 330 809 At,
354 760 519 801 Phoebi
544 760 732 801 nondum
756 761 932 815 patiens,
958 761 1149 801 immanis
1175 761 1216 801 in
1242 767 1358 802 antro

200 822 427 863 bacchatur
451 829 582 871 vates,
607 838 807 877 magnum
833 823 865 863 si
890 830 1056 877 pectore
1081 823 1211 877 possit

201 884 434 925 excussisse
460 885 605 925 deum:
631 891 747 925 tanto
771 885 906 940 magis
932 885 1000 925 ille
1025 885 1175 939 fatigat

201 961 246 988 os
271 947 479 995 rabidum,
505 946 595 988 fera
620 946 747 987 corda
772 947 959 996 domans,
985 946 1188 1000 fingitque
1216 943 1454 1000 premendo,

201 1009 306 1050 ostia
330 1009 496 1062 iamque
523 1009 670 1049 domus
695 1016 867 1063 patuere
892 1009 1079 1063 ingentia
1106 1016 1272 1049 centum

201 1078 347 1126 sponte
373 1086 448 1111 sua
473 1071 663 1124 vatisque
688 1071 829 1112 ferunt
852 1085 1053 1125 responsa
1076 1085 1151 1125 per
1175 1085 1315 1110 auras:

201 1138 244 1174 ‘o
270 1133 440 1175 tandem
465 1133 627 1188 magnis
652 1133 790 1188 pelagi
816 1133 1011 1175 defuncte
1037 1133 1200 1188 periclis

201 1196 293 1247 (sed
318 1203 452 1237 terrae
476 1195 670 1250 graviora
695 1197 894 1247 manent),
920 1195 961 1236 in
988 1211 1118 1250 regna
1142 1194 1296 1236 Lavini

202 1258 473 1299 Dardanidae
498 1258 665 1299 venient
692 1257 824 1309 (mitte
850 1258 957 1298 hanc
983 1258 1035 1298 de
1059 1267 1225 1312 pectore
1251 1256 1428 1308 curam):

202 1321 275 1362 sed
300 1335 382 1361 non
408 1326 449 1361 et
472 1319 636 1361 venisse
661 1321 814 1361 volent.
864 1320 986 1369 bella,
1013 1319 1180 1360 horrida
1203 1319 1312 1360 bella

202 1390 243 1425 et
267 1382 474 1437 Thybrim
500 1382 630 1422 multo
656 1388 920 1437 spumantem
945 1382 1149 1436 sanguine
1173 1395 1310 1423 cernO.

202 1459 287 1486 non
313 1444 467 1486 Simois
494 1444 570 1485 tibi
594 1459 672 1486 nec
696 1443 897 1485 Xanthus
923 1459 1000 1485 nec
1025 1444 1183 1485 Dorica
1207 1450 1342 1484 castra

203 1506 430 1555 defuerint3
458 1506 562 1547 alius
588 1506 713 1547 Latio
738 1506 821 1547 iam
847 1514 990 1561 partus
1015 1506 1217 1555 Achilles,

202 1577 326 1611 natus
351 1576 393 1610 et
416 1569 505 1623 ipse
531 1568 628 1617 dea3
653 1583 731 1610 nec
756 1569 931 1610 Teucris
956 1568 1097 1610 addita
1124 1569 1228 1609 Iuno

203 1646 382 1686 usquam
407 1630 552 1680 aberit,
579 1646 674 1672 cum
699 1637 744 1671 tu
770 1631 946 1685 supplex
970 1631 1012 1672 in
1037 1631 1161 1672 rebus
1187 1629 1328 1685 egenis

203 1709 308 1748 quas
333 1700 478 1748 gentes
503 1693 659 1734 Italum
684 1700 754 1734 aut
780 1708 883 1747 quas
909 1708 992 1734 non
1017 1693 1199 1734 oraveris
1224 1690 1366 1732 urbes!

203 1770 330 1797 causa
354 1755 453 1796 mali
478 1755 582 1796 tanti
606 1755 788 1796 coniunx
811 1755 962 1797 iterum
986 1755 1150 1810 hospita
1174 1754 1349 1796 Teucris

205 1817 449 1870 externique
474 1817 623 1858 iterum
649 1817 832 1858 thalami.

205 1888 249 1922 tu
273 1896 326 1921 ne
352 1880 452 1921 cede
478 1880 610 1928 malis,
636 1880 710 1921 sed
735 1887 878 1921 contra
902 1879 1120 1920 audentior
1144 1879 1214 1927 ito,

204 1957 332 1996 quam
356 1949 428 1982 tua
452 1950 491 1982 te
517 1942 683 1982 fortuna
708 1942 826 1982 sinet.
875 1941 943 1982 via
967 1942 1101 1996 prima
1126 1940 1283 1987 salutis,

205 2004 318 2058 quod
344 2004 512 2045 minime
537 2004 652 2053 reris,
681 2003 812 2045 Graia
835 2004 1041 2058 pandetur
1066 2004 1118 2044 ab
1143 2002 1272 2043 urbe.’

262 2067 436 2108 Talibus
463 2082 514 2107 ex
539 2067 664 2121 adyto
691 2066 810 2107 dictis
837 2064 1025 2120 Cymaea
1050 2065 1213 2120 Sibylla

207 2129 432 2170 horrendas
458 2129 569 2170 canit
592 2129 792 2183 ambages
818 2136 1020 2182 antroque
1044 2128 1237 2182 remugit,

207 2191 395 2232 obscuris
420 2206 519 2232 vera
543 2191 780 2232 involvens:
808 2205 856 2231 ea
880 2191 999 2232 frena
1023 2190 1176 2231 furenti

208 2254 390 2295 concutit
415 2260 455 2295 et
479 2253 666 2294 stimulos
692 2253 770 2294 sub
795 2260 962 2308 pectore
987 2253 1109 2294 vertit
1133 2251 1300 2305 Apollo.

207 2323 253 2357 ut
277 2316 457 2370 primum
484 2316 607 2357 cessit
631 2315 747 2357 furor
770 2322 812 2357 et
835 2315 983 2356 rabida
1007 2330 1079 2355 ora
1103 2314 1312 2367 quierunt,

207 2379 350 2433 incipit
377 2380 546 2420 Aeneas
573 2378 712 2419 heros:
740 2382 841 2418 ‘non
866 2378 951 2418 ulla
974 2377 1178 2425 laborum,

208 2457 232 2482 o
257 2441 389 2495 virgo,
415 2456 525 2482 nova
549 2441 605 2481 mi
630 2439 756 2481 facies
782 2440 1002 2495 inopinave
1028 2439 1178 2493 surgit3

208 2503 347 2544 onmia
372 2503 566 2558 praecepi
592 2510 715 2556 atque
741 2503 879 2543 animo
904 2516 1067 2543 mecum
1094 2509 1188 2541 ante
1212 2499 1370 2555 peregi.

208 2580 338 2606 unum
363 2580 454 2605 oro:
481 2566 650 2618 quando
675 2564 741 2605 hic
766 2564 916 2605 inferni
941 2565 1066 2605 ianua
1090 2563 1200 2618 regis

210 2628 358 2669 dicitur
383 2634 423 2668 et
448 2628 668 2669 tenebrosa
690 2627 811 2682 palus
838 2627 1076 2669 Acheronte
1102 2626 1256 2675 refuso,
