1660 2847
247 152 330 195 292
664 162 706 198 P.
724 162 934 199 VERGILI
957 163 1182 202 MARONIS

248 281 331 320 qua
354 281 427 308 rex
454 266 636 309 Clusinis
662 266 861 309 advectus
887 266 1061 309 Osinius
1086 269 1180 311 oris.

161 339 223 371 655
251 328 332 370 huc
358 344 449 371 sese
473 329 635 383 trepida
661 329 831 371 Aeneae
857 329 1054 384 fugientis
1080 330 1218 386 imago

247 392 398 433 conicit
421 391 463 432 in
487 391 682 440 latebras,
707 407 784 434 nec
809 392 977 433 Turnus
1003 394 1169 447 segnior
1193 394 1318 435 instat

248 460 532 509 exuperatque
557 468 694 495 moras
720 460 761 496 et
784 455 920 509 pontis
945 455 1120 496 transilit
1144 456 1262 497 altos.

250 516 319 556 vix
343 529 510 571 proram
534 515 746 571 attigerat:
772 516 928 570 rumpit
953 516 1150 558 Saturnia
1175 518 1319 558 funem

248 577 520 631 avulsamque
543 577 652 632 rapit
675 577 863 619 revoluta
887 592 962 632 per
985 592 1168 632 aequora
1191 594 1355 620 navem.

155 650 218 681 662
244 646 332 680 tum
357 639 460 680 levis
485 639 599 680 haud
623 639 736 680 ultra
757 639 937 680 latebras
962 638 1045 680 iam
1070 641 1233 693 quaerit
1256 641 1408 695 imago,

154 713 217 743 663
244 702 317 743 sed
343 701 519 743 sublime
545 702 688 743 volans
713 702 815 743 nubi
841 716 885 743 se
910 702 1122 743 inmiscuit
1145 710 1271 743 atrae.

154 777 218 807 660
243 765 359 805 illum
385 771 524 805 autem
550 765 718 805 Aeneas
744 764 958 805 absentem
984 764 1025 805 in
1052 765 1208 819 proelia
1232 765 1384 819 poscit3

244 827 367 868 obvia
393 826 525 868 multa
549 827 685 868 virum
712 827 890 868 demittit
915 841 1089 881 corpora
1113 827 1255 875 Morti,

244 903 338 930 cum
364 889 557 930 Turnum
581 889 719 930 medio
744 888 902 930 interea
926 889 1007 930 fert
1032 903 1212 942 aequore
1237 888 1372 931 turbo.

154 961 216 993 665
242 951 411 1006 respicit
434 950 606 1005 ignarus
632 965 771 992 rerum
795 951 1065 1005 ingratusque
1091 951 1233 992 salutis

245 1021 286 1055 et
310 1013 488 1068 duplicis
515 1028 609 1054 cum
636 1028 738 1055 voce
762 1028 911 1054 manus
938 1013 991 1054 ad
1016 1013 1152 1055 sidera
1175 1013 1322 1055 tendit:

244 1077 527 1131 ‘omnipotens
552 1075 729 1131 genitor,
756 1082 900 1117 tanton
925 1091 992 1117 1ne
1018 1076 1188 1117 crimine
1214 1076 1386 1131 dignum

244 1139 397 1180 duxisti
423 1145 464 1180 et
487 1139 580 1179 talis
608 1138 774 1180 voluisti
801 1138 1036 1193 expendere
1061 1139 1240 1193 poenas?

242 1215 325 1254 quo
350 1200 484 1242 feror?
509 1200 619 1241 unde
645 1200 754 1241 abii?
780 1214 887 1253 quae
914 1215 979 1241 me
1005 1199 1108 1254 fuga
1133 1214 1311 1253 quemve
1336 1199 1519 1242 reducit?

153 1275 217 1306 670
241 1263 522 1304 Laurentisne
547 1263 697 1304 iterum
721 1277 862 1303 muros
888 1269 960 1304 aut
984 1269 1118 1303 castra
1143 1262 1319 1304 videbo?

243 1325 344 1380 quid
367 1340 515 1366 manus
540 1325 611 1366 illa
635 1325 784 1374 virum,
810 1324 881 1379 qui
906 1339 972 1366 me
998 1339 1173 1378 meaque
1199 1340 1313 1366 arma
1338 1324 1492 1366 secuti?

242 1402 401 1442 quosne
426 1387 577 1439 (nefas)
602 1387 735 1428 omnis
762 1386 934 1428 infanda
959 1386 1001 1428 in
1025 1393 1156 1428 morte
1181 1386 1329 1440 reliqui

244 1457 283 1492 et
308 1465 418 1491 nunc
443 1450 622 1506 palantis
648 1449 770 1491 video
796 1450 1081 1505 gemitumque
1107 1449 1328 1491 cadentum

243 1513 426 1568 accipio?
451 1512 551 1566 quid
576 1513 681 1568 ago?
706 1518 779 1553 aut
803 1527 910 1566 quae
935 1512 1018 1553 iam
1043 1512 1140 1553 satis
1166 1511 1249 1553 ima
1274 1511 1457 1553 dehiscat

154 1587 217 1619 675
243 1583 352 1617 terra
377 1575 501 1615 mihi?
527 1589 600 1615 vos
626 1589 649 1615 o
675 1575 811 1629 potius
837 1574 1103 1624 miserescite,
1130 1574 1259 1623 venti;

242 1639 284 1679 in
309 1652 448 1692 rupes,
473 1636 515 1678 in
540 1652 641 1678 saxa
665 1636 827 1689 (volens
852 1651 925 1678 vos
950 1637 1118 1678 Turnus
1145 1636 1288 1687 adoro)

242 1700 348 1743 ferte
372 1706 503 1741 ratem
528 1699 746 1754 saevisque
772 1699 890 1740 vadis
914 1699 1109 1740 inmittite
1134 1698 1270 1753 syrtis,

243 1777 325 1817 quo
350 1776 485 1816 neque
511 1777 576 1803 me
601 1761 748 1804 Rutuli
772 1776 848 1802 nec
873 1761 1039 1802 conscia
1063 1760 1175 1802 fama
1200 1760 1423 1814 sequatur.’

243 1825 346 1867 haec
370 1838 605 1866 memorans
632 1823 769 1865 animo
795 1838 906 1864 nunc
932 1823 1025 1873 huc,
1051 1837 1162 1864 nunc
1186 1823 1358 1865 fluctuat
1382 1823 1493 1873 illuc,

154 1900 219 1931 680
244 1903 297 1928 an
323 1902 413 1929 sese
437 1901 634 1928 mucrone
659 1886 713 1927 ob
739 1892 900 1926 tantum
926 1885 1106 1926 dedecus
1132 1900 1274 1926 amens

243 1950 388 1991 induat
414 1956 454 1990 et
479 1949 653 1990 crudum
677 1963 751 2003 per
776 1954 911 1990 costas
938 1948 1076 2003 exigat
1100 1962 1255 1997 ensem,

243 2012 438 2053 fiuctibus
464 2026 517 2052 an
542 2011 665 2052 iaciat
689 2010 835 2052 mediis
861 2017 901 2051 et
925 2010 1046 2051 litora
1069 2009 1207 2051 nando

244 2089 372 2116 curva
395 2080 511 2128 petat
536 2073 832 2126 Teucrumque
856 2072 1006 2113 iterum
1032 2087 1075 2114 se
1098 2071 1245 2113 reddat
1268 2071 1309 2112 in
1335 2086 1461 2114 arma.

243 2144 305 2178 ter
329 2143 501 2177 conatus
526 2142 744 2188 utramque
769 2135 892 2184 viam,
919 2142 981 2176 ter
1005 2134 1186 2175 maxima
1210 2134 1317 2175 Iuno

154 2211 217 2242 685
243 2199 445 2241 continuit
469 2198 745 2251 iuvenemque
770 2197 895 2238 animi
921 2197 1115 2238 miserata
1139 2196 1348 2251 repressit.

242 2261 397 2302 labitur
421 2261 504 2301 alta
528 2274 673 2301 secans
697 2260 911 2313 fluctuque
937 2266 1137 2312 aestuque
1163 2258 1345 2300 seeundo

243 2331 283 2365 et
307 2323 435 2378 patris
462 2322 675 2376 antiquam
700 2321 845 2363 Dauni
870 2321 1054 2364 defertur
1078 2321 1130 2363 ad
1156 2321 1314 2362 urbem.

298 2387 358 2426 At
386 2385 497 2426 Iovis
523 2385 680 2426 interca
704 2384 870 2425 monitis
894 2383 1131 2426 Mezentius
1157 2383 1305 2425 ardens

242 2447 427 2490 succedit
454 2462 620 2502 pugnae
645 2446 914 2501 Teucrosque
938 2446 1096 2487 invadit
1119 2445 1292 2487 ovantis.

153 2523 217 2555 690
242 2518 496 2553 concurrunt
520 2509 763 2565 Tyrrhenae
789 2510 898 2551 acies
923 2517 1047 2564 atque
1072 2509 1264 2550 omnibus
1289 2508 1375 2558 uni,

241 2573 314 2614 uni
339 2572 526 2625 odiisque
553 2571 640 2612 viro
666 2571 840 2626 telisque
865 2570 1153 2626 frequentibus
1178 2571 1344 2612 instant.

240 2635 308 2677 ille
334 2634 444 2676 velut
470 2649 608 2691 rupeS,
635 2641 797 2675 vastum
823 2648 930 2689 quae
955 2633 1091 2689 prodit
1117 2633 1160 2674 in
1186 2646 1353 2687 aequor,
