<?xml version="1.0" encoding="UTF-8"?>
<!DOCTYPE html PUBLIC "-//W3C//DTD XHTML 1.0 Transitional//EN"
    "http://www.w3.org/TR/xhtml1/DTD/xhtml1-transitional.dtd">
<html xmlns="http://www.w3.org/1999/xhtml" xml:lang="en" lang="en">
 <head>
  <title>
</title>
<meta http-equiv="Content-Type" content="text/html;charset=utf-8" />
  <meta name='ocr-system' content='tesseract 3.04.00' />
  <meta name='ocr-capabilities' content='ocr_page ocr_carea ocr_par ocr_line ocrx_word'/>
</head>
<body>
  <div class='ocr_page' id='page_1' title='image "./carmina00virguoft_0073.png"; bbox 0 0 1622 2847; ppageno 0'>
   <div class='ocr_carea' id='block_1_1' title="bbox 583 142 1406 195">
    <p class='ocr_par' dir='ltr' id='par_1_1' title="bbox 583 142 1406 195">
     <span class='ocr_line' id='line_1_1' title="bbox 583 142 1406 195; baseline -0.004 -5"><span class='ocrx_word' id='word_1_1' title='bbox 583 154 786 191; x_wconf 80' lang='lat' dir='ltr'><strong>ECLOGA</strong></span> <span class='ocrx_word' id='word_1_2' title='bbox 808 155 877 191; x_wconf 91' lang='lat' dir='ltr'><strong>III.</strong></span> <span class='ocrx_word' id='word_1_3' title='bbox 945 188 950 191; x_wconf 90' lang='lat'>.</span> <span class='ocrx_word' id='word_1_4' title='bbox 1353 168 1360 195; x_wconf 52' lang='lat' dir='ltr'>‘x</span> <span class='ocrx_word' id='word_1_5' title='bbox 1378 142 1406 187; x_wconf 83' lang='lat'>9</span> 
     </span>
    </p>
   </div>
   <div class='ocr_carea' id='block_1_2' title="bbox 45 257 1472 1626">
    <p class='ocr_par' dir='ltr' id='par_1_2' title="bbox 62 257 1471 378">
     <span class='ocr_line' id='line_1_2' title="bbox 62 257 1471 314; baseline 0 -12"><span class='ocrx_word' id='word_1_6' title='bbox 62 261 140 303; x_wconf 84' lang='lat' dir='ltr'>PA.</span> <span class='ocrx_word' id='word_1_7' title='bbox 170 260 324 310; x_wconf 82' lang='lat' dir='ltr'>Dicite,</span> <span class='ocrx_word' id='word_1_8' title='bbox 349 260 688 314; x_wconf 86' lang='lat' dir='ltr'>quandoquidem</span> <span class='ocrx_word' id='word_1_9' title='bbox 713 259 756 300; x_wconf 88' lang='lat' dir='ltr'>in</span> <span class='ocrx_word' id='word_1_10' title='bbox 780 259 895 300; x_wconf 90' lang='lat' dir='ltr'>molli</span> <span class='ocrx_word' id='word_1_11' title='bbox 916 257 1181 301; x_wconf 80' lang='lat' dir='ltr'>consedimus</span> <span class='ocrx_word' id='word_1_12' title='bbox 1205 258 1347 301; x_wconf 89' lang='lat' dir='ltr'>herba.</span> <span class='ocrx_word' id='word_1_13' title='bbox 1430 271 1471 302; x_wconf 87' lang='lat'>55</span> 
     </span>
     <span class='ocr_line' id='line_1_3' title="bbox 63 321 1188 378; baseline -0.003 -13"><span class='ocrx_word' id='word_1_14' title='bbox 63 330 103 365; x_wconf 91' lang='lat' dir='ltr'>et</span> <span class='ocrx_word' id='word_1_15' title='bbox 126 338 238 365; x_wconf 90' lang='lat' dir='ltr'>nunc</span> <span class='ocrx_word' id='word_1_16' title='bbox 262 323 394 364; x_wconf 89' lang='lat' dir='ltr'>omnis</span> <span class='ocrx_word' id='word_1_17' title='bbox 419 337 532 378; x_wconf 88' lang='lat' dir='ltr'>ager,</span> <span class='ocrx_word' id='word_1_18' title='bbox 556 337 669 363; x_wconf 90' lang='lat' dir='ltr'>nunc</span> <span class='ocrx_word' id='word_1_19' title='bbox 694 321 828 363; x_wconf 87' lang='lat' dir='ltr'>omnis</span> <span class='ocrx_word' id='word_1_20' title='bbox 852 321 1028 377; x_wconf 87' lang='lat' dir='ltr'>parturit</span> <span class='ocrx_word' id='word_1_21' title='bbox 1053 321 1188 371; x_wconf 89' lang='lat' dir='ltr'>arbos,</span> 
     </span>
    </p>

    <p class='ocr_par' dir='ltr' id='par_1_3' title="bbox 61 384 1208 434">
     <span class='ocr_line' id='line_1_4' title="bbox 61 384 1208 434; baseline -0.002 -8"><span class='ocrx_word' id='word_1_22' title='bbox 61 400 172 426; x_wconf 88' lang='lat' dir='ltr'>nunc</span> <span class='ocrx_word' id='word_1_23' title='bbox 196 385 388 426; x_wconf 83' lang='lat' dir='ltr'>frondent</span> <span class='ocrx_word' id='word_1_24' title='bbox 412 385 553 434; x_wconf 89' lang='lat' dir='ltr'>silvae,</span> <span class='ocrx_word' id='word_1_25' title='bbox 577 399 688 426; x_wconf 90' lang='lat' dir='ltr'>nunc</span> <span class='ocrx_word' id='word_1_26' title='bbox 712 384 1036 425; x_wconf 84' lang='lat' dir='ltr'>formosissimus</span> <span class='ocrx_word' id='word_1_27' title='bbox 1061 399 1208 425; x_wconf 89' lang='lat' dir='ltr'>annus.</span> 
     </span>
    </p>

    <p class='ocr_par' dir='ltr' id='par_1_4' title="bbox 60 446 1155 502">
     <span class='ocr_line' id='line_1_5' title="bbox 60 446 1155 502; baseline -0.001 -14"><span class='ocrx_word' id='word_1_28' title='bbox 60 447 209 502; x_wconf 84' lang='lat' dir='ltr'>incipe,</span> <span class='ocrx_word' id='word_1_29' title='bbox 233 447 461 496; x_wconf 82' lang='lat' dir='ltr'>Damoeta3</span> <span class='ocrx_word' id='word_1_30' title='bbox 486 456 533 488; x_wconf 89' lang='lat' dir='ltr'>tu</span> <span class='ocrx_word' id='word_1_31' title='bbox 557 446 706 488; x_wconf 90' lang='lat' dir='ltr'>deinde</span> <span class='ocrx_word' id='word_1_32' title='bbox 730 460 916 501; x_wconf 82' lang='lat' dir='ltr'>sequere,</span> <span class='ocrx_word' id='word_1_33' title='bbox 941 446 1155 488; x_wconf 85' lang='lat' dir='ltr'>Menalca:</span> 
     </span>
    </p>

    <p class='ocr_par' dir='ltr' id='par_1_5' title="bbox 60 509 997 559">
     <span class='ocr_line' id='line_1_6' title="bbox 60 509 997 559; baseline 0.001 -9"><span class='ocrx_word' id='word_1_34' title='bbox 60 509 225 551; x_wconf 82' lang='lat' dir='ltr'>alternis</span> <span class='ocrx_word' id='word_1_35' title='bbox 251 509 394 551; x_wconf 88' lang='lat' dir='ltr'>dicetis</span> <span class='ocrx_word' id='word_1_36' title='bbox 403 526 413 559; x_wconf 85' lang='lat'><em>3</em></span> <span class='ocrx_word' id='word_1_37' title='bbox 440 516 579 550; x_wconf 86' lang='lat' dir='ltr'>amant</span> <span class='ocrx_word' id='word_1_38' title='bbox 604 509 763 550; x_wconf 86' lang='lat' dir='ltr'>alterna</span> <span class='ocrx_word' id='word_1_39' title='bbox 788 523 997 551; x_wconf 85' lang='lat' dir='ltr'>camenae.</span> 
     </span>
    </p>

    <p class='ocr_par' dir='ltr' id='par_1_6' title="bbox 55 570 1472 813">
     <span class='ocr_line' id='line_1_7' title="bbox 113 570 1472 627; baseline 0.001 -15"><span class='ocrx_word' id='word_1_40' title='bbox 113 571 197 612; x_wconf 82' lang='lat' dir='ltr'>DA.</span> <span class='ocrx_word' id='word_1_41' title='bbox 227 571 299 612; x_wconf 92' lang='lat' dir='ltr'>Ab</span> <span class='ocrx_word' id='word_1_42' title='bbox 323 572 424 613; x_wconf 90' lang='lat' dir='ltr'>Iove</span> <span class='ocrx_word' id='word_1_43' title='bbox 449 571 700 627; x_wconf 89' lang='lat' dir='ltr'>principium</span> <span class='ocrx_word' id='word_1_44' title='bbox 725 586 888 613; x_wconf 89' lang='lat' dir='ltr'>musae:</span> <span class='ocrx_word' id='word_1_45' title='bbox 919 571 1033 613; x_wconf 84' lang='lat' dir='ltr'>Iovis</span> <span class='ocrx_word' id='word_1_46' title='bbox 1058 570 1197 613; x_wconf 89' lang='lat' dir='ltr'>omnia</span> <span class='ocrx_word' id='word_1_47' title='bbox 1221 571 1363 627; x_wconf 86' lang='lat' dir='ltr'>plena3</span> <span class='ocrx_word' id='word_1_48' title='bbox 1431 583 1472 614; x_wconf 88' lang='grc'>60</span> 
     </span>
     <span class='ocr_line' id='line_1_8' title="bbox 57 633 1410 683; baseline 0.001 -9"><span class='ocrx_word' id='word_1_49' title='bbox 57 633 125 675; x_wconf 84' lang='lat' dir='ltr'>ille</span> <span class='ocrx_word' id='word_1_50' title='bbox 149 633 245 675; x_wconf 82' lang='lat' dir='ltr'>colit</span> <span class='ocrx_word' id='word_1_51' title='bbox 269 640 413 683; x_wconf 87' lang='lat' dir='ltr'>terras,</span> <span class='ocrx_word' id='word_1_52' title='bbox 438 634 497 674; x_wconf 89' lang='lat' dir='ltr'>illi</span> <span class='ocrx_word' id='word_1_53' title='bbox 521 648 615 675; x_wconf 88' lang='lat' dir='ltr'>mea</span> <span class='ocrx_word' id='word_1_54' title='bbox 639 634 823 675; x_wconf 87' lang='lat' dir='ltr'>carmina</span> <span class='ocrx_word' id='word_1_55' title='bbox 848 648 984 675; x_wconf 89' lang='lat' dir='ltr'>curae.</span> <span class='ocrx_word' id='word_1_56' title='bbox 1408 638 1410 640; x_wconf 78' lang='grc'><strong>’</strong></span> 
     </span>
     <span class='ocr_line' id='line_1_9' title="bbox 55 695 1402 751; baseline 0.001 -14"><span class='ocrx_word' id='word_1_57' title='bbox 55 696 143 737; x_wconf 81' lang='grc' dir='ltr'>ΜΕ.</span> <span class='ocrx_word' id='word_1_58' title='bbox 174 695 231 737; x_wconf 87' lang='lat' dir='ltr'>Et</span> <span class='ocrx_word' id='word_1_59' title='bbox 255 711 320 738; x_wconf 93' lang='lat' dir='ltr'>me</span> <span class='ocrx_word' id='word_1_60' title='bbox 338 696 537 738; x_wconf 94' lang='lat' dir='ltr'>Phoebus</span> <span class='ocrx_word' id='word_1_61' title='bbox 557 703 667 738; x_wconf 88' lang='lat' dir='ltr'>amat</span> <span class='ocrx_word' id='word_1_62' title='bbox 676 713 687 746; x_wconf 83' lang='lat'><em>3</em></span> <span class='ocrx_word' id='word_1_63' title='bbox 713 696 887 738; x_wconf 85' lang='lat' dir='ltr'>Phoebo</span> <span class='ocrx_word' id='word_1_64' title='bbox 911 711 988 737; x_wconf 91' lang='lat' dir='ltr'>sua</span> <span class='ocrx_word' id='word_1_65' title='bbox 1012 710 1176 751; x_wconf 83' lang='lat' dir='ltr'>semper</span> <span class='ocrx_word' id='word_1_66' title='bbox 1200 695 1312 751; x_wconf 84' lang='lat' dir='ltr'>apud</span> <span class='ocrx_word' id='word_1_67' title='bbox 1336 710 1402 738; x_wconf 89' lang='lat' dir='ltr'>me</span> 
     </span>
     <span class='ocr_line' id='line_1_10' title="bbox 55 758 1175 813; baseline 0 -14"><span class='ocrx_word' id='word_1_68' title='bbox 55 773 228 800; x_wconf 88' lang='lat' dir='ltr'>munera</span> <span class='ocrx_word' id='word_1_69' title='bbox 253 766 361 808; x_wconf 90' lang='lat' dir='ltr'>sunt,</span> <span class='ocrx_word' id='word_1_70' title='bbox 386 759 492 800; x_wconf 88' lang='lat' dir='ltr'>lauri</span> <span class='ocrx_word' id='word_1_71' title='bbox 517 766 557 800; x_wconf 87' lang='lat' dir='ltr'>et</span> <span class='ocrx_word' id='word_1_72' title='bbox 581 774 710 801; x_wconf 87' lang='lat' dir='ltr'>suave</span> <span class='ocrx_word' id='word_1_73' title='bbox 734 759 889 800; x_wconf 88' lang='lat' dir='ltr'>rubens</span> <span class='ocrx_word' id='word_1_74' title='bbox 914 758 1175 813; x_wconf 78' lang='lat' dir='ltr'>hyacinthus.</span> 
     </span>
    </p>

    <p class='ocr_par' dir='ltr' id='par_1_7' title="bbox 53 819 1079 877">
     <span class='ocr_line' id='line_1_11' title="bbox 53 819 1079 877; baseline 0.001 -16"><span class='ocrx_word' id='word_1_75' title='bbox 53 819 137 862; x_wconf 75' lang='lat' dir='ltr'>DA.</span> <span class='ocrx_word' id='word_1_76' title='bbox 168 821 286 863; x_wconf 87' lang='lat' dir='ltr'>Malo</span> <span class='ocrx_word' id='word_1_77' title='bbox 309 836 376 863; x_wconf 93' lang='lat' dir='ltr'>me</span> <span class='ocrx_word' id='word_1_78' title='bbox 402 820 582 863; x_wconf 82' lang='lat' dir='ltr'>Galatea</span> <span class='ocrx_word' id='word_1_79' title='bbox 604 821 721 877; x_wconf 89' lang='lat' dir='ltr'>petit,</span> <span class='ocrx_word' id='word_1_80' title='bbox 749 821 905 862; x_wconf 89' lang='lat' dir='ltr'>lasciva</span> <span class='ocrx_word' id='word_1_81' title='bbox 927 822 1079 876; x_wconf 88' lang='lat' dir='ltr'>puella,</span> 
     </span>
    </p>

    <p class='ocr_par' dir='ltr' id='par_1_8' title="bbox 50 883 1467 1051">
     <span class='ocr_line' id='line_1_12' title="bbox 53 883 1467 939; baseline 0.001 -15"><span class='ocrx_word' id='word_1_82' title='bbox 53 890 94 924; x_wconf 86' lang='lat' dir='ltr'>et</span> <span class='ocrx_word' id='word_1_83' title='bbox 118 883 227 939; x_wconf 86' lang='lat' dir='ltr'>fugit</span> <span class='ocrx_word' id='word_1_84' title='bbox 251 883 303 925; x_wconf 89' lang='lat' dir='ltr'>ad</span> <span class='ocrx_word' id='word_1_85' title='bbox 328 884 487 933; x_wconf 85' lang='lat' dir='ltr'>salices,</span> <span class='ocrx_word' id='word_1_86' title='bbox 514 891 554 925; x_wconf 89' lang='lat' dir='ltr'>et</span> <span class='ocrx_word' id='word_1_87' title='bbox 579 899 623 925; x_wconf 89' lang='lat' dir='ltr'>se</span> <span class='ocrx_word' id='word_1_88' title='bbox 649 884 763 939; x_wconf 90' lang='lat' dir='ltr'>cupit</span> <span class='ocrx_word' id='word_1_89' title='bbox 787 891 882 925; x_wconf 88' lang='lat' dir='ltr'>ante</span> <span class='ocrx_word' id='word_1_90' title='bbox 907 884 1050 925; x_wconf 87' lang='lat' dir='ltr'>videri.</span> <span class='ocrx_word' id='word_1_91' title='bbox 1425 894 1467 925; x_wconf 85' lang='lat'>65</span> 
     </span>
     <span class='ocr_line' id='line_1_13' title="bbox 52 945 1303 1001; baseline 0.001 -14"><span class='ocrx_word' id='word_1_92' title='bbox 52 945 140 987; x_wconf 80' lang='grc' dir='ltr'>ΜΕ.</span> <span class='ocrx_word' id='word_1_93' title='bbox 170 947 231 988; x_wconf 94' lang='lat' dir='ltr'>At</span> <span class='ocrx_word' id='word_1_94' title='bbox 255 946 357 987; x_wconf 87' lang='lat' dir='ltr'>mihi</span> <span class='ocrx_word' id='word_1_95' title='bbox 381 961 471 989; x_wconf 89' lang='lat' dir='ltr'>sese</span> <span class='ocrx_word' id='word_1_96' title='bbox 496 946 617 988; x_wconf 86' lang='lat' dir='ltr'>offert</span> <span class='ocrx_word' id='word_1_97' title='bbox 642 947 764 996; x_wconf 82' lang='lat' dir='ltr'>ultro,</span> <span class='ocrx_word' id='word_1_98' title='bbox 789 962 907 988; x_wconf 90' lang='lat' dir='ltr'>meus</span> <span class='ocrx_word' id='word_1_99' title='bbox 931 947 1054 1001; x_wconf 75' lang='lat' dir='ltr'>igniS,</span> <span class='ocrx_word' id='word_1_100' title='bbox 1078 946 1303 1001; x_wconf 83' lang='lat' dir='ltr'>Amyntas,</span> 
     </span>
     <span class='ocr_line' id='line_1_14' title="bbox 50 1008 1080 1051; baseline 0.001 -2"><span class='ocrx_word' id='word_1_101' title='bbox 50 1008 187 1050; x_wconf 85' lang='lat' dir='ltr'>notior</span> <span class='ocrx_word' id='word_1_102' title='bbox 210 1016 256 1050; x_wconf 86' lang='lat' dir='ltr'>ut</span> <span class='ocrx_word' id='word_1_103' title='bbox 279 1009 363 1051; x_wconf 88' lang='lat' dir='ltr'>iam</span> <span class='ocrx_word' id='word_1_104' title='bbox 387 1009 440 1050; x_wconf 90' lang='lat' dir='ltr'>sit</span> <span class='ocrx_word' id='word_1_105' title='bbox 465 1010 636 1051; x_wconf 87' lang='lat' dir='ltr'>canibus</span> <span class='ocrx_word' id='word_1_106' title='bbox 661 1024 745 1050; x_wconf 89' lang='lat' dir='ltr'>non</span> <span class='ocrx_word' id='word_1_107' title='bbox 768 1009 894 1051; x_wconf 90' lang='lat' dir='ltr'>Delia</span> <span class='ocrx_word' id='word_1_108' title='bbox 917 1010 1080 1051; x_wconf 84' lang='lat' dir='ltr'>nostris.</span> 
     </span>
    </p>

    <p class='ocr_par' dir='ltr' id='par_1_9' title="bbox 50 1070 1325 1126">
     <span class='ocr_line' id='line_1_15' title="bbox 50 1070 1325 1126; baseline 0.002 -15"><span class='ocrx_word' id='word_1_109' title='bbox 50 1070 134 1112; x_wconf 85' lang='lat' dir='ltr'>DA.</span> <span class='ocrx_word' id='word_1_110' title='bbox 163 1071 293 1113; x_wconf 81' lang='lat' dir='ltr'>Parta</span> <span class='ocrx_word' id='word_1_111' title='bbox 315 1087 433 1114; x_wconf 88' lang='lat' dir='ltr'>meae</span> <span class='ocrx_word' id='word_1_112' title='bbox 458 1073 614 1114; x_wconf 90' lang='lat' dir='ltr'>Veneri</span> <span class='ocrx_word' id='word_1_113' title='bbox 638 1075 734 1113; x_wconf 79' lang='lat' dir='ltr'>sunt</span> <span class='ocrx_word' id='word_1_114' title='bbox 757 1088 950 1114; x_wconf 86' lang='lat' dir='ltr'>munera:</span> <span class='ocrx_word' id='word_1_115' title='bbox 976 1086 1157 1126; x_wconf 89' lang='lat' dir='ltr'>namque</span> <span class='ocrx_word' id='word_1_116' title='bbox 1181 1072 1325 1114; x_wconf 86' lang='lat' dir='ltr'>notavi</span> 
     </span>
    </p>

    <p class='ocr_par' dir='ltr' id='par_1_10' title="bbox 48 1133 1105 1189">
     <span class='ocr_line' id='line_1_16' title="bbox 48 1133 1105 1189; baseline 0.001 -15"><span class='ocrx_word' id='word_1_117' title='bbox 48 1133 138 1188; x_wconf 89' lang='lat' dir='ltr'>ipse</span> <span class='ocrx_word' id='word_1_118' title='bbox 161 1134 313 1184; x_wconf 88' lang='lat' dir='ltr'>locum,</span> <span class='ocrx_word' id='word_1_119' title='bbox 338 1134 472 1176; x_wconf 88' lang='lat' dir='ltr'>aeriae</span> <span class='ocrx_word' id='word_1_120' title='bbox 497 1149 580 1188; x_wconf 91' lang='lat' dir='ltr'>quo</span> <span class='ocrx_word' id='word_1_121' title='bbox 605 1149 850 1189; x_wconf 83' lang='lat' dir='ltr'>congessere</span> <span class='ocrx_word' id='word_1_122' title='bbox 875 1134 1105 1189; x_wconf 85' lang='lat' dir='ltr'>palumbes.</span> 
     </span>
    </p>

    <p class='ocr_par' dir='ltr' id='par_1_11' title="bbox 49 1195 1463 1301">
     <span class='ocr_line' id='line_1_17' title="bbox 49 1195 1463 1252; baseline 0.001 -15"><span class='ocrx_word' id='word_1_123' title='bbox 49 1196 138 1237; x_wconf 69' lang='lat' dir='ltr'>ME.</span> <span class='ocrx_word' id='word_1_124' title='bbox 171 1195 296 1248; x_wconf 78' lang='lat' dir='ltr'>Quod</span> <span class='ocrx_word' id='word_1_125' title='bbox 320 1196 450 1252; x_wconf 88' lang='lat' dir='ltr'>potui,</span> <span class='ocrx_word' id='word_1_126' title='bbox 474 1212 603 1252; x_wconf 90' lang='lat' dir='ltr'>puero</span> <span class='ocrx_word' id='word_1_127' title='bbox 630 1196 808 1238; x_wconf 86' lang='lat' dir='ltr'>silvestri</span> <span class='ocrx_word' id='word_1_128' title='bbox 832 1212 884 1238; x_wconf 82' lang='lat' dir='ltr'>ex</span> <span class='ocrx_word' id='word_1_129' title='bbox 909 1197 1056 1238; x_wconf 90' lang='lat' dir='ltr'>arbore</span> <span class='ocrx_word' id='word_1_130' title='bbox 1079 1197 1187 1239; x_wconf 84' lang='lat' dir='ltr'>lecta</span> <span class='ocrx_word' id='word_1_131' title='bbox 1421 1208 1463 1238; x_wconf 86' lang='lat'>70</span> 
     </span>
     <span class='ocr_line' id='line_1_18' title="bbox 49 1259 1079 1301; baseline 0 -2"><span class='ocrx_word' id='word_1_132' title='bbox 49 1274 174 1299; x_wconf 89' lang='lat' dir='ltr'>aurea</span> <span class='ocrx_word' id='word_1_133' title='bbox 198 1259 307 1300; x_wconf 87' lang='lat' dir='ltr'>mala</span> <span class='ocrx_word' id='word_1_134' title='bbox 332 1259 475 1301; x_wconf 87' lang='lat' dir='ltr'>decem</span> <span class='ocrx_word' id='word_1_135' title='bbox 499 1259 609 1300; x_wconf 90' lang='lat' dir='ltr'>misi:</span> <span class='ocrx_word' id='word_1_136' title='bbox 636 1274 726 1300; x_wconf 86' lang='lat' dir='ltr'>cras</span> <span class='ocrx_word' id='word_1_137' title='bbox 751 1259 881 1301; x_wconf 85' lang='lat' dir='ltr'>altera</span> <span class='ocrx_word' id='word_1_138' title='bbox 904 1259 1079 1300; x_wconf 87' lang='lat' dir='ltr'>mittam.</span> 
     </span>
    </p>

    <p class='ocr_par' dir='ltr' id='par_1_12' title="bbox 48 1319 1234 1375">
     <span class='ocr_line' id='line_1_19' title="bbox 48 1319 1234 1375; baseline 0.002 -14"><span class='ocrx_word' id='word_1_139' title='bbox 48 1320 131 1362; x_wconf 77' lang='lat' dir='ltr'>DA.</span> <span class='ocrx_word' id='word_1_140' title='bbox 164 1319 204 1362; x_wconf 93' lang='lat' dir='ltr'>O</span> <span class='ocrx_word' id='word_1_141' title='bbox 231 1321 421 1375; x_wconf 83' lang='lat' dir='ltr'>quotiens</span> <span class='ocrx_word' id='word_1_142' title='bbox 446 1330 486 1363; x_wconf 89' lang='lat' dir='ltr'>et</span> <span class='ocrx_word' id='word_1_143' title='bbox 510 1336 617 1375; x_wconf 88' lang='lat' dir='ltr'>quae</span> <span class='ocrx_word' id='word_1_144' title='bbox 642 1321 762 1363; x_wconf 91' lang='lat' dir='ltr'>nobis</span> <span class='ocrx_word' id='word_1_145' title='bbox 789 1320 968 1363; x_wconf 84' lang='lat' dir='ltr'>Galatea</span> <span class='ocrx_word' id='word_1_146' title='bbox 990 1322 1130 1363; x_wconf 86' lang='lat' dir='ltr'>locuta</span> <span class='ocrx_word' id='word_1_147' title='bbox 1154 1320 1234 1363; x_wconf 82' lang='lat' dir='ltr'>est!</span> 
     </span>
    </p>

    <p class='ocr_par' dir='ltr' id='par_1_13' title="bbox 47 1384 1183 1438">
     <span class='ocr_line' id='line_1_20' title="bbox 47 1384 1183 1438; baseline 0 -14"><span class='ocrx_word' id='word_1_148' title='bbox 47 1395 206 1438; x_wconf 86' lang='lat' dir='ltr'>partem</span> <span class='ocrx_word' id='word_1_149' title='bbox 232 1385 426 1437; x_wconf 85' lang='lat' dir='ltr'>aliquam,</span> <span class='ocrx_word' id='word_1_150' title='bbox 452 1385 577 1433; x_wconf 87' lang='lat' dir='ltr'>venti,</span> <span class='ocrx_word' id='word_1_151' title='bbox 603 1384 742 1425; x_wconf 88' lang='lat' dir='ltr'>divom</span> <span class='ocrx_word' id='word_1_152' title='bbox 766 1384 956 1425; x_wconf 87' lang='lat' dir='ltr'>referatis</span> <span class='ocrx_word' id='word_1_153' title='bbox 982 1384 1036 1424; x_wconf 87' lang='lat' dir='ltr'>ad</span> <span class='ocrx_word' id='word_1_154' title='bbox 1059 1384 1183 1424; x_wconf 89' lang='lat' dir='ltr'>auris.</span> 
     </span>
    </p>

    <p class='ocr_par' dir='ltr' id='par_1_14' title="bbox 46 1445 1390 1502">
     <span class='ocr_line' id='line_1_21' title="bbox 46 1445 1390 1502; baseline 0.001 -16"><span class='ocrx_word' id='word_1_155' title='bbox 46 1446 134 1486; x_wconf 77' lang='grc' dir='ltr'>ΜΕ.</span> <span class='ocrx_word' id='word_1_156' title='bbox 144 1445 258 1498; x_wconf 81' lang='lat' dir='ltr'>Quid</span> <span class='ocrx_word' id='word_1_157' title='bbox 272 1446 452 1501; x_wconf 86' lang='lat' dir='ltr'>prodest,</span> <span class='ocrx_word' id='word_1_158' title='bbox 461 1447 572 1500; x_wconf 88' lang='lat' dir='ltr'>quod</span> <span class='ocrx_word' id='word_1_159' title='bbox 586 1462 651 1488; x_wconf 91' lang='lat' dir='ltr'>me</span> <span class='ocrx_word' id='word_1_160' title='bbox 665 1447 754 1501; x_wconf 88' lang='lat' dir='ltr'>ipse</span> <span class='ocrx_word' id='word_1_161' title='bbox 765 1447 902 1487; x_wconf 90' lang='lat' dir='ltr'>animo</span> <span class='ocrx_word' id='word_1_162' title='bbox 912 1461 995 1487; x_wconf 89' lang='lat' dir='ltr'>non</span> <span class='ocrx_word' id='word_1_163' title='bbox 1006 1446 1179 1501; x_wconf 87' lang='lat' dir='ltr'>spernis,</span> <span class='ocrx_word' id='word_1_164' title='bbox 1189 1447 1390 1502; x_wconf 83' lang='lat' dir='ltr'>Amynta,</span> 
     </span>
    </p>

    <p class='ocr_par' dir='ltr' id='par_1_15' title="bbox 45 1508 1458 1626">
     <span class='ocr_line' id='line_1_22' title="bbox 47 1508 1458 1564; baseline 0.001 -15"><span class='ocrx_word' id='word_1_165' title='bbox 47 1508 94 1558; x_wconf 87' lang='lat' dir='ltr'>si,</span> <span class='ocrx_word' id='word_1_166' title='bbox 120 1509 219 1549; x_wconf 85' lang='lat' dir='ltr'>dum</span> <span class='ocrx_word' id='word_1_167' title='bbox 243 1516 287 1549; x_wconf 90' lang='lat' dir='ltr'>tu</span> <span class='ocrx_word' id='word_1_168' title='bbox 313 1509 481 1550; x_wconf 86' lang='lat' dir='ltr'>sectaris</span> <span class='ocrx_word' id='word_1_169' title='bbox 507 1524 641 1564; x_wconf 89' lang='lat' dir='ltr'>apros,</span> <span class='ocrx_word' id='word_1_170' title='bbox 667 1524 745 1564; x_wconf 82' lang='lat' dir='ltr'>ego</span> <span class='ocrx_word' id='word_1_171' title='bbox 770 1510 874 1551; x_wconf 88' lang='lat' dir='ltr'>retia</span> <span class='ocrx_word' id='word_1_172' title='bbox 899 1510 1042 1550; x_wconf 83' lang='lat' dir='ltr'>servo?</span> <span class='ocrx_word' id='word_1_173' title='bbox 1417 1520 1458 1550; x_wconf 81' lang='lat'>75</span> 
     </span>
     <span class='ocr_line' id='line_1_23' title="bbox 45 1567 1208 1626; baseline 0 -15"><span class='ocrx_word' id='word_1_174' title='bbox 45 1569 129 1611; x_wconf 81' lang='lat' dir='ltr'>DA.</span> <span class='ocrx_word' id='word_1_175' title='bbox 160 1570 357 1626; x_wconf 84' lang='lat' dir='ltr'>Phyllida</span> <span class='ocrx_word' id='word_1_176' title='bbox 381 1567 641 1612; x_wconf 85' lang='lat' dir='ltr'>mittemihi:</span> <span class='ocrx_word' id='word_1_177' title='bbox 668 1586 785 1613; x_wconf 90' lang='lat' dir='ltr'>meus</span> <span class='ocrx_word' id='word_1_178' title='bbox 811 1578 872 1613; x_wconf 89' lang='lat' dir='ltr'>est</span> <span class='ocrx_word' id='word_1_179' title='bbox 896 1571 1058 1619; x_wconf 88' lang='lat' dir='ltr'>natalis,</span> <span class='ocrx_word' id='word_1_180' title='bbox 1083 1570 1208 1620; x_wconf 86' lang='lat' dir='ltr'>Iolla3</span> 
     </span>
    </p>
   </div>
   <div class='ocr_carea' id='block_1_3' title="bbox 45 1633 1342 1744">
    <p class='ocr_par' dir='ltr' id='par_1_16' title="bbox 45 1633 1342 1744">
     <span class='ocr_line' id='line_1_24' title="bbox 46 1633 1091 1688; baseline -0.001 -14"><span class='ocrx_word' id='word_1_181' title='bbox 46 1647 141 1674; x_wconf 88' lang='lat' dir='ltr'>cum</span> <span class='ocrx_word' id='word_1_182' title='bbox 165 1633 315 1674; x_wconf 83' lang='lat' dir='ltr'>faciam</span> <span class='ocrx_word' id='word_1_183' title='bbox 341 1634 471 1674; x_wconf 89' lang='lat' dir='ltr'>vitula</span> <span class='ocrx_word' id='word_1_184' title='bbox 494 1649 568 1688; x_wconf 92' lang='lat' dir='ltr'>pro</span> <span class='ocrx_word' id='word_1_185' title='bbox 593 1634 799 1688; x_wconf 82' lang='lat' dir='ltr'>frugibus,</span> <span class='ocrx_word' id='word_1_186' title='bbox 825 1634 914 1688; x_wconf 91' lang='lat' dir='ltr'>ipse</span> <span class='ocrx_word' id='word_1_187' title='bbox 938 1633 1091 1674; x_wconf 86' lang='lat' dir='ltr'>venito.</span> 
     </span>
     <span class='ocr_line' id='line_1_25' title="bbox 45 1689 1342 1744; baseline 0.002 -14"><span class='ocrx_word' id='word_1_188' title='bbox 45 1689 131 1730; x_wconf 73' lang='lat' dir='ltr'>ME.</span> <span class='ocrx_word' id='word_1_189' title='bbox 158 1690 353 1744; x_wconf 76' lang='lat' dir='ltr'>Phyllida</span> <span class='ocrx_word' id='word_1_190' title='bbox 379 1705 472 1731; x_wconf 87' lang='lat' dir='ltr'>amo</span> <span class='ocrx_word' id='word_1_191' title='bbox 498 1698 592 1732; x_wconf 88' lang='lat' dir='ltr'>ante</span> <span class='ocrx_word' id='word_1_192' title='bbox 618 1691 738 1731; x_wconf 88' lang='lat' dir='ltr'>alias:</span> <span class='ocrx_word' id='word_1_193' title='bbox 764 1706 862 1731; x_wconf 84' lang='lat' dir='ltr'>nam</span> <span class='ocrx_word' id='word_1_194' title='bbox 885 1705 953 1731; x_wconf 91' lang='lat' dir='ltr'>me</span> <span class='ocrx_word' id='word_1_195' title='bbox 978 1689 1191 1731; x_wconf 86' lang='lat' dir='ltr'>discedere</span> <span class='ocrx_word' id='word_1_196' title='bbox 1215 1690 1342 1741; x_wconf 86' lang='lat' dir='ltr'>flevit,</span> 
     </span>
    </p>
   </div>
   <div class='ocr_carea' id='block_1_4' title="bbox 38 1752 1456 2684">
    <p class='ocr_par' dir='ltr' id='par_1_17' title="bbox 46 1752 1137 1807">
     <span class='ocr_line' id='line_1_26' title="bbox 46 1752 1137 1807; baseline 0 -14"><span class='ocrx_word' id='word_1_197' title='bbox 46 1759 84 1793; x_wconf 87' lang='lat' dir='ltr'>et</span> <span class='ocrx_word' id='word_1_198' title='bbox 107 1752 281 1807; x_wconf 86' lang='lat' dir='ltr'>longum</span> <span class='ocrx_word' id='word_1_199' title='bbox 307 1753 519 1802; x_wconf 87' lang='lat' dir='ltr'>‘formose,</span> <span class='ocrx_word' id='word_1_200' title='bbox 545 1753 650 1801; x_wconf 85' lang='lat' dir='ltr'>vale,</span> <span class='ocrx_word' id='word_1_201' title='bbox 676 1753 786 1794; x_wconf 87' lang='lat' dir='ltr'>vale&#39;</span> <span class='ocrx_word' id='word_1_202' title='bbox 811 1753 959 1806; x_wconf 87' lang='lat' dir='ltr'>inquit,</span> <span class='ocrx_word' id='word_1_203' title='bbox 986 1752 1137 1793; x_wconf 86' lang='lat' dir='ltr'>‘Iolla.’</span> 
     </span>
    </p>

    <p class='ocr_par' dir='ltr' id='par_1_18' title="bbox 43 1814 1456 1933">
     <span class='ocr_line' id='line_1_27' title="bbox 43 1814 1456 1870; baseline 0.003 -15"><span class='ocrx_word' id='word_1_204' title='bbox 43 1814 126 1855; x_wconf 79' lang='lat' dir='ltr'>DA.</span> <span class='ocrx_word' id='word_1_205' title='bbox 157 1815 293 1856; x_wconf 86' lang='lat' dir='ltr'>Triste</span> <span class='ocrx_word' id='word_1_206' title='bbox 317 1816 439 1870; x_wconf 91' lang='lat' dir='ltr'>lupus</span> <span class='ocrx_word' id='word_1_207' title='bbox 464 1816 651 1865; x_wconf 87' lang='lat' dir='ltr'>stabulis,</span> <span class='ocrx_word' id='word_1_208' title='bbox 675 1816 848 1856; x_wconf 87' lang='lat' dir='ltr'>maturis</span> <span class='ocrx_word' id='word_1_209' title='bbox 872 1815 1065 1870; x_wconf 85' lang='lat' dir='ltr'>frugibus</span> <span class='ocrx_word' id='word_1_210' title='bbox 1089 1814 1257 1864; x_wconf 84' lang='lat' dir='ltr'>imbres,</span> <span class='ocrx_word' id='word_1_211' title='bbox 1413 1828 1456 1859; x_wconf 85' lang='lat'>80</span> 
     </span>
     <span class='ocr_line' id='line_1_28' title="bbox 44 1877 975 1933; baseline 0.001 -15"><span class='ocrx_word' id='word_1_212' title='bbox 44 1877 259 1918; x_wconf 87' lang='lat' dir='ltr'>arboribus</span> <span class='ocrx_word' id='word_1_213' title='bbox 284 1878 410 1926; x_wconf 84' lang='lat' dir='ltr'>venti,</span> <span class='ocrx_word' id='word_1_214' title='bbox 435 1878 555 1918; x_wconf 89' lang='lat' dir='ltr'>nobis</span> <span class='ocrx_word' id='word_1_215' title='bbox 581 1878 853 1933; x_wconf 75' lang='lat' dir='ltr'>Amaryllidis</span> <span class='ocrx_word' id='word_1_216' title='bbox 877 1878 975 1919; x_wconf 87' lang='lat' dir='ltr'>irae.</span> 
     </span>
    </p>

    <p class='ocr_par' dir='ltr' id='par_1_19' title="bbox 42 1939 1171 1996">
     <span class='ocr_line' id='line_1_29' title="bbox 42 1939 1171 1996; baseline 0 -15"><span class='ocrx_word' id='word_1_217' title='bbox 42 1940 130 1981; x_wconf 72' lang='lat' dir='ltr'>ME.</span> <span class='ocrx_word' id='word_1_218' title='bbox 161 1939 299 1981; x_wconf 91' lang='lat' dir='ltr'>Dulce</span> <span class='ocrx_word' id='word_1_219' title='bbox 324 1941 422 1981; x_wconf 89' lang='lat' dir='ltr'>satis</span> <span class='ocrx_word' id='word_1_220' title='bbox 447 1955 579 1990; x_wconf 87' lang='lat' dir='ltr'>umor,</span> <span class='ocrx_word' id='word_1_221' title='bbox 606 1941 789 1996; x_wconf 90' lang='lat' dir='ltr'>depulsis</span> <span class='ocrx_word' id='word_1_222' title='bbox 814 1940 986 1981; x_wconf 85' lang='lat' dir='ltr'>arbutus</span> <span class='ocrx_word' id='word_1_223' title='bbox 1012 1939 1171 1990; x_wconf 86' lang='lat' dir='ltr'>haedis,</span> 
     </span>
    </p>

    <p class='ocr_par' dir='ltr' id='par_1_20' title="bbox 41 2002 1075 2058">
     <span class='ocr_line' id='line_1_30' title="bbox 41 2002 1075 2058; baseline 0 -15"><span class='ocrx_word' id='word_1_224' title='bbox 41 2002 152 2044; x_wconf 88' lang='lat' dir='ltr'>lenta</span> <span class='ocrx_word' id='word_1_225' title='bbox 177 2002 281 2043; x_wconf 80' lang='lat' dir='ltr'>salix</span> <span class='ocrx_word' id='word_1_226' title='bbox 304 2002 389 2043; x_wconf 89' lang='lat' dir='ltr'>feto</span> <span class='ocrx_word' id='word_1_227' title='bbox 413 2003 564 2057; x_wconf 87' lang='lat' dir='ltr'>pecori,</span> <span class='ocrx_word' id='word_1_228' title='bbox 590 2003 690 2044; x_wconf 88' lang='lat' dir='ltr'>mihi</span> <span class='ocrx_word' id='word_1_229' title='bbox 715 2004 827 2044; x_wconf 90' lang='lat' dir='ltr'>solus</span> <span class='ocrx_word' id='word_1_230' title='bbox 852 2004 1075 2058; x_wconf 86' lang='lat' dir='ltr'>Amyntas.</span> 
     </span>
    </p>

    <p class='ocr_par' dir='ltr' id='par_1_21' title="bbox 40 2064 1450 2248">
     <span class='ocr_line' id='line_1_31' title="bbox 42 2064 1327 2119; baseline 0.002 -14"><span class='ocrx_word' id='word_1_231' title='bbox 42 2064 124 2105; x_wconf 81' lang='lat' dir='ltr'>DA.</span> <span class='ocrx_word' id='word_1_232' title='bbox 155 2065 275 2106; x_wconf 90' lang='lat' dir='ltr'>Polio</span> <span class='ocrx_word' id='word_1_233' title='bbox 301 2072 411 2106; x_wconf 86' lang='lat' dir='ltr'>amat</span> <span class='ocrx_word' id='word_1_234' title='bbox 434 2073 630 2114; x_wconf 88' lang='lat' dir='ltr'>nostram,</span> <span class='ocrx_word' id='word_1_235' title='bbox 657 2065 846 2119; x_wconf 86' lang='lat' dir='ltr'>quamvis</span> <span class='ocrx_word' id='word_1_236' title='bbox 872 2073 933 2106; x_wconf 86' lang='lat' dir='ltr'>est</span> <span class='ocrx_word' id='word_1_237' title='bbox 956 2065 1122 2115; x_wconf 84' lang='lat' dir='ltr'>rustica,</span> <span class='ocrx_word' id='word_1_238' title='bbox 1145 2079 1327 2108; x_wconf 86' lang='lat' dir='ltr'>musam:</span> 
     </span>
     <span class='ocr_line' id='line_1_32' title="bbox 40 2127 1450 2182; baseline 0.004 -15"><span class='ocrx_word' id='word_1_239' title='bbox 40 2127 240 2176; x_wconf 85' lang='lat' dir='ltr'>Pierides,</span> <span class='ocrx_word' id='word_1_240' title='bbox 266 2127 438 2168; x_wconf 87' lang='lat' dir='ltr'>vitulam</span> <span class='ocrx_word' id='word_1_241' title='bbox 462 2127 606 2169; x_wconf 87' lang='lat' dir='ltr'>lectori</span> <span class='ocrx_word' id='word_1_242' title='bbox 630 2129 786 2182; x_wconf 85' lang='lat' dir='ltr'>pascite</span> <span class='ocrx_word' id='word_1_243' title='bbox 811 2135 960 2169; x_wconf 83' lang='lat' dir='ltr'>vestro.</span> <span class='ocrx_word' id='word_1_244' title='bbox 1409 2141 1450 2172; x_wconf 86' lang='lat'>85</span> 
     </span>
     <span class='ocr_line' id='line_1_33' title="bbox 41 2189 1326 2248; baseline 0.002 -19"><span class='ocrx_word' id='word_1_245' title='bbox 41 2189 129 2230; x_wconf 76' lang='lat' dir='ltr'>Mn.</span> <span class='ocrx_word' id='word_1_246' title='bbox 160 2189 280 2230; x_wconf 92' lang='lat' dir='ltr'>Polio</span> <span class='ocrx_word' id='word_1_247' title='bbox 305 2197 344 2231; x_wconf 92' lang='lat' dir='ltr'>et</span> <span class='ocrx_word' id='word_1_248' title='bbox 368 2190 456 2245; x_wconf 87' lang='lat' dir='ltr'>ipse</span> <span class='ocrx_word' id='word_1_249' title='bbox 482 2190 581 2231; x_wconf 86' lang='lat' dir='ltr'>facit</span> <span class='ocrx_word' id='word_1_250' title='bbox 605 2205 713 2231; x_wconf 87' lang='lat' dir='ltr'>nova</span> <span class='ocrx_word' id='word_1_251' title='bbox 738 2190 952 2248; x_wconf 52' lang='lat' dir='ltr'>carminaz·</span> <span class='ocrx_word' id='word_1_252' title='bbox 964 2190 1122 2245; x_wconf 89' lang='lat' dir='ltr'>pascite</span> <span class='ocrx_word' id='word_1_253' title='bbox 1146 2197 1326 2242; x_wconf 88' lang='lat' dir='ltr'>taurum,</span> 
     </span>
    </p>

    <p class='ocr_par' dir='ltr' id='par_1_22' title="bbox 40 2251 1206 2308">
     <span class='ocr_line' id='line_1_34' title="bbox 40 2251 1206 2308; baseline 0.003 -16"><span class='ocrx_word' id='word_1_254' title='bbox 40 2251 123 2292; x_wconf 87' lang='lat' dir='ltr'>iam</span> <span class='ocrx_word' id='word_1_255' title='bbox 150 2266 276 2292; x_wconf 87' lang='lat' dir='ltr'>cornu</span> <span class='ocrx_word' id='word_1_256' title='bbox 301 2259 414 2307; x_wconf 86' lang='lat' dir='ltr'>petat</span> <span class='ocrx_word' id='word_1_257' title='bbox 438 2259 477 2294; x_wconf 90' lang='lat' dir='ltr'>et</span> <span class='ocrx_word' id='word_1_258' title='bbox 502 2253 679 2307; x_wconf 90' lang='lat' dir='ltr'>pedibus</span> <span class='ocrx_word' id='word_1_259' title='bbox 705 2253 776 2306; x_wconf 87' lang='lat' dir='ltr'>qui</span> <span class='ocrx_word' id='word_1_260' title='bbox 802 2260 971 2308; x_wconf 82' lang='lat' dir='ltr'>spargat</span> <span class='ocrx_word' id='word_1_261' title='bbox 994 2253 1206 2295; x_wconf 88' lang='lat' dir='ltr'>harenam.</span> 
     </span>
    </p>

    <p class='ocr_par' dir='ltr' id='par_1_23' title="bbox 39 2312 1380 2432">
     <span class='ocr_line' id='line_1_35' title="bbox 40 2312 1380 2372; baseline 0.004 -19"><span class='ocrx_word' id='word_1_262' title='bbox 40 2312 124 2353; x_wconf 60' lang='lat' dir='ltr'>DA.</span> <span class='ocrx_word' id='word_1_263' title='bbox 156 2312 240 2365; x_wconf 79' lang='lat' dir='ltr'>Qui</span> <span class='ocrx_word' id='word_1_264' title='bbox 265 2321 318 2363; x_wconf 89' lang='lat' dir='ltr'>te,</span> <span class='ocrx_word' id='word_1_265' title='bbox 342 2314 477 2364; x_wconf 87' lang='lat' dir='ltr'>Polio,</span> <span class='ocrx_word' id='word_1_266' title='bbox 509 2322 632 2363; x_wconf 88' lang='lat' dir='ltr'>amat,</span> <span class='ocrx_word' id='word_1_267' title='bbox 664 2315 816 2364; x_wconf 84' lang='lat' dir='ltr'>veniat,</span> <span class='ocrx_word' id='word_1_268' title='bbox 842 2329 925 2369; x_wconf 91' lang='lat' dir='ltr'>quo</span> <span class='ocrx_word' id='word_1_269' title='bbox 951 2323 990 2357; x_wconf 90' lang='lat' dir='ltr'>te</span> <span class='ocrx_word' id='word_1_270' title='bbox 1016 2330 1182 2370; x_wconf 91' lang='lat' dir='ltr'>quoque</span> <span class='ocrx_word' id='word_1_271' title='bbox 1205 2317 1380 2372; x_wconf 82' lang='lat' dir='ltr'>gaudet3</span> 
     </span>
     <span class='ocr_line' id='line_1_36' title="bbox 39 2375 1153 2432; baseline 0.004 -17"><span class='ocrx_word' id='word_1_272' title='bbox 39 2375 164 2416; x_wconf 88' lang='lat' dir='ltr'>mella</span> <span class='ocrx_word' id='word_1_273' title='bbox 188 2376 316 2416; x_wconf 83' lang='lat' dir='ltr'>fluant</span> <span class='ocrx_word' id='word_1_274' title='bbox 339 2375 412 2425; x_wconf 86' lang='lat' dir='ltr'>illi,</span> <span class='ocrx_word' id='word_1_275' title='bbox 436 2377 543 2418; x_wconf 87' lang='lat' dir='ltr'>ferat</span> <span class='ocrx_word' id='word_1_276' title='bbox 568 2384 607 2418; x_wconf 91' lang='lat' dir='ltr'>et</span> <span class='ocrx_word' id='word_1_277' title='bbox 630 2377 761 2418; x_wconf 89' lang='lat' dir='ltr'>rubus</span> <span class='ocrx_word' id='word_1_278' title='bbox 787 2392 907 2432; x_wconf 87' lang='lat' dir='ltr'>asper</span> <span class='ocrx_word' id='word_1_279' title='bbox 931 2392 1153 2420; x_wconf 90' lang='lat' dir='ltr'>amomum.</span> 
     </span>
    </p>

    <p class='ocr_par' dir='ltr' id='par_1_24' title="bbox 39 2436 1447 2557">
     <span class='ocr_line' id='line_1_37' title="bbox 39 2436 1447 2492; baseline 0.005 -15"><span class='ocrx_word' id='word_1_280' title='bbox 39 2437 127 2478; x_wconf 78' lang='grc' dir='ltr'>ΜΕ.</span> <span class='ocrx_word' id='word_1_281' title='bbox 160 2436 246 2488; x_wconf 84' lang='lat' dir='ltr'>Qui</span> <span class='ocrx_word' id='word_1_282' title='bbox 271 2438 450 2479; x_wconf 89' lang='lat' dir='ltr'>Bavium</span> <span class='ocrx_word' id='word_1_283' title='bbox 473 2453 556 2480; x_wconf 90' lang='lat' dir='ltr'>non</span> <span class='ocrx_word' id='word_1_284' title='bbox 582 2439 682 2489; x_wconf 90' lang='lat' dir='ltr'>odit,</span> <span class='ocrx_word' id='word_1_285' title='bbox 707 2447 817 2481; x_wconf 85' lang='lat' dir='ltr'>amet</span> <span class='ocrx_word' id='word_1_286' title='bbox 840 2447 912 2481; x_wconf 82' lang='lat' dir='ltr'>tua</span> <span class='ocrx_word' id='word_1_287' title='bbox 937 2440 1133 2491; x_wconf 88' lang='lat' dir='ltr'>carmina,</span> <span class='ocrx_word' id='word_1_288' title='bbox 1157 2440 1316 2492; x_wconf 87' lang='lat' dir='ltr'>Maevi,</span> <span class='ocrx_word' id='word_1_289' title='bbox 1406 2453 1447 2484; x_wconf 89' lang='grc'>90</span> 
     </span>
     <span class='ocr_line' id='line_1_38' title="bbox 40 2499 1086 2557; baseline 0.005 -18"><span class='ocrx_word' id='word_1_290' title='bbox 40 2506 164 2553; x_wconf 88' lang='lat' dir='ltr'>atque</span> <span class='ocrx_word' id='word_1_291' title='bbox 189 2499 300 2540; x_wconf 88' lang='lat' dir='ltr'>idem</span> <span class='ocrx_word' id='word_1_292' title='bbox 324 2499 469 2556; x_wconf 88' lang='lat' dir='ltr'>iungat</span> <span class='ocrx_word' id='word_1_293' title='bbox 493 2502 640 2556; x_wconf 87' lang='lat' dir='ltr'>vulpes</span> <span class='ocrx_word' id='word_1_294' title='bbox 665 2510 705 2544; x_wconf 90' lang='lat' dir='ltr'>et</span> <span class='ocrx_word' id='word_1_295' title='bbox 729 2503 914 2557; x_wconf 88' lang='lat' dir='ltr'>mulgeat</span> <span class='ocrx_word' id='word_1_296' title='bbox 937 2502 1086 2544; x_wconf 83' lang='lat' dir='ltr'>hircos.</span> 
     </span>
    </p>

    <p class='ocr_par' dir='ltr' id='par_1_25' title="bbox 39 2560 1143 2620">
     <span class='ocr_line' id='line_1_39' title="bbox 39 2560 1143 2620; baseline 0.005 -20"><span class='ocrx_word' id='word_1_297' title='bbox 39 2560 122 2602; x_wconf 75' lang='lat' dir='ltr'>DA.</span> <span class='ocrx_word' id='word_1_298' title='bbox 155 2561 239 2612; x_wconf 77' lang='lat' dir='ltr'>Qui</span> <span class='ocrx_word' id='word_1_299' title='bbox 264 2562 399 2616; x_wconf 86' lang='lat' dir='ltr'>legitis</span> <span class='ocrx_word' id='word_1_300' title='bbox 424 2564 544 2605; x_wconf 89' lang='lat' dir='ltr'>flores</span> <span class='ocrx_word' id='word_1_301' title='bbox 570 2573 609 2605; x_wconf 87' lang='lat' dir='ltr'>et</span> <span class='ocrx_word' id='word_1_302' title='bbox 633 2563 750 2605; x_wconf 91' lang='lat' dir='ltr'>humi</span> <span class='ocrx_word' id='word_1_303' title='bbox 773 2565 986 2606; x_wconf 86' lang='lat' dir='ltr'>nascentia</span> <span class='ocrx_word' id='word_1_304' title='bbox 1009 2565 1143 2620; x_wconf 87' lang='lat' dir='ltr'>fraga,</span> 
     </span>
    </p>

    <p class='ocr_par' dir='ltr' id='par_1_26' title="bbox 38 2622 1248 2684">
     <span class='ocr_line' id='line_1_40' title="bbox 38 2622 1248 2684; baseline 0.006 -21"><span class='ocrx_word' id='word_1_305' title='bbox 38 2622 227 2678; x_wconf 87' lang='lat' dir='ltr'>frigidus,</span> <span class='ocrx_word' id='word_1_306' title='bbox 252 2638 276 2664; x_wconf 95' lang='lat'>0</span> <span class='ocrx_word' id='word_1_307' title='bbox 299 2625 429 2679; x_wconf 91' lang='lat' dir='ltr'>pueri,</span> <span class='ocrx_word' id='word_1_308' title='bbox 454 2626 586 2681; x_wconf 84' lang='lat' dir='ltr'>fugite</span> <span class='ocrx_word' id='word_1_309' title='bbox 610 2626 719 2677; x_wconf 86' lang='lat' dir='ltr'>hinc,</span> <span class='ocrx_word' id='word_1_310' title='bbox 744 2627 843 2669; x_wconf 90' lang='lat' dir='ltr'>latet</span> <span class='ocrx_word' id='word_1_311' title='bbox 868 2627 1016 2684; x_wconf 87' lang='lat' dir='ltr'>anguis</span> <span class='ocrx_word' id='word_1_312' title='bbox 1040 2628 1082 2670; x_wconf 91' lang='lat' dir='ltr'>in</span> <span class='ocrx_word' id='word_1_313' title='bbox 1106 2628 1248 2670; x_wconf 88' lang='lat' dir='ltr'>herba.</span> 
     </span>
    </p>
   </div>
  </div>
 </body>
</html>
