1622 2847
87 450 152 481 540

89 1386 153 1416 555

92 2008 156 2040 565

180 139 261 181 144
595 147 638 182 Ρ.
656 145 866 183 VERGILI
890 146 1114 183 MARONIS

177 258 372 305 quattuor
396 250 475 299 hic,
500 250 681 305 primum
706 265 842 299 omen,
868 264 996 304 equos
1020 250 1062 291 in
1087 250 1274 306 gramine
1298 250 1397 301 vidi,

177 314 392 355 tondentes
418 327 612 366 campum
636 313 732 361 late,
759 312 937 353 candore
962 311 1100 353 nivali.

177 384 218 417 et
241 384 357 431 pater
381 375 588 416 Anchises
615 375 803 423 ‘bellum,
829 389 852 415 o
878 382 986 416 terra
1009 375 1185 429 hospita,
1211 383 1370 430 portas3

176 439 285 479 bello
311 444 524 479 armant-ur
549 437 659 490 equi,
686 437 841 478 bellum
866 436 968 478 haec
994 444 1180 478 armenta
1203 438 1425 478 minantur.

177 501 250 542 sed
274 508 412 541 tamen
436 499 547 540 idem
572 499 669 539 olim
695 513 818 540 curru
843 499 1065 540 succedere
1090 500 1196 541 sueti

178 562 468 617 quadrupedes
494 569 535 602 et
558 561 675 603 frena
699 562 798 616 iugo
825 561 1045 603 concordia
1069 562 1196 604 ferre:

178 641 271 680 spes
297 633 338 666 et
362 624 492 679 pacis’
519 624 588 664 ait.
637 632 726 664 tum
749 624 922 665 numina
946 631 1089 665 sancta
1112 639 1333 679 precamur

176 687 363 729 Palladis
388 686 632 735 armisonae,
658 700 764 739 quae
790 687 923 740 prima
947 687 1106 741 accepit
1130 687 1304 736 ovantis,

177 758 218 792 et
242 750 379 804 capita
404 756 498 789 ante
524 764 616 789 aras
640 748 828 802 Phrygio
853 748 1041 790 velamur
1065 749 1231 798 amictu,

175 811 490 867 praeceptisque
516 810 681 858 Heleni,
709 810 880 852 dederat
903 825 1011 864 quae
1034 811 1230 861 maxima,
1256 811 1332 852 rite

176 873 329 915 Iunoni
353 873 541 927 Argivae
566 873 700 913 iussos
726 873 940 913 adolemus
965 873 1156 914 honores.

177 936 289 977 haud
314 950 442 982 mora,
469 935 665 976 continuo
690 934 884 988 perfectis
910 934 1053 976 ordine
1078 935 1184 975 votis

178 1013 335 1040 cornua
359 997 589 1038 velatarum
615 996 871 1037 obvertimus
896 1003 1185 1037 antemnarum

178 1060 551 1114 Graiugenumque
577 1059 721 1099 domos
746 1065 1024 1113 suspectaque
1048 1059 1276 1112 linquimus
1300 1073 1413 1101 arva.

177 1123 274 1164 hinc
300 1122 413 1163 sinus
438 1121 650 1170 Herculei,
677 1121 710 1161 si
735 1136 834 1162 vera
858 1128 920 1162 est
943 1121 1067 1170 fama,
1094 1120 1266 1162 Tarenti

179 1184 373 1232 cernitur,
399 1183 548 1225 attollit
572 1198 615 1224 se
641 1183 737 1224 diva
761 1182 939 1224 Lacinia
964 1190 1106 1224 contra

180 1246 466 1300 Caulonisque
492 1260 606 1287 arces
632 1253 672 1287 et
695 1246 961 1300 navifragum
987 1245 1250 1300 Scylaceum.

177 1318 267 1351 tum
291 1309 436 1365 procul
461 1324 483 1350 e
508 1308 638 1349 fluctu
662 1307 878 1348 Trinacria
902 1308 1081 1349 cernitur
1105 1308 1246 1349 Aetna

179 1380 220 1415 et
243 1372 445 1427 gemitum
469 1371 680 1426 ingentem
706 1370 845 1425 pelagi
869 1370 1116 1424 pulsataque
1141 1385 1242 1411 saxa

180 1434 373 1477 audimus
397 1435 522 1488 longe
547 1433 785 1486 fractasque
810 1432 863 1473 ad
888 1433 1008 1473 litora
1033 1447 1155 1473 voces

179 1499 451 1550 exultantque
476 1496 585 1537 vada
609 1503 733 1549 atque
759 1502 875 1537 aestu
901 1495 1127 1536 miscentur
1151 1494 1343 1536 harenae.

180 1568 221 1602 et
244 1567 363 1614 pater
390 1557 595 1599 Anchises
622 1558 835 1598 ‘nimirum
860 1557 964 1609 haec
988 1557 1058 1598 illa
1085 1555 1340 1610 Charybdis3

180 1622 255 1663 hos
282 1621 471 1663 Helenus
497 1620 704 1674 scopulos,
730 1619 834 1661 haec
859 1635 960 1660 saxa
984 1619 1189 1660 horrenda
1213 1618 1401 1660 canebat.

179 1684 338 1739 eripite,
364 1698 388 1724 o
414 1683 526 1732 socii,
552 1682 790 1737 pariterque
814 1681 1016 1736 insurgite
1040 1681 1193 1722 remis.'

179 1746 295 1789 haud
317 1746 455 1786 minus
481 1760 529 1786 ac
553 1745 653 1786 iussi
678 1745 850 1793 faciunt,
875 1744 1117 1799 primusque
1141 1743 1359 1785 rudentem

180 1808 380 1852 contorsit
401 1808 542 1850 laevas
566 1821 732 1862 proram
755 1806 981 1848 Palinurus
1006 1807 1059 1847 ad
1083 1806 1229 1854 undas,

179 1873 343 1914 laevam
368 1877 518 1912 cuncta
543 1870 690 1911 cohors
714 1869 838 1911 remis
863 1869 1079 1922 ventisque
1103 1868 1261 1923 petivit.

181 1934 365 1975 tollimur
388 1933 432 1974 in
457 1933 617 1974 caelum
643 1940 812 1973 curvato
838 1931 1003 1986 gurgite
1028 1938 1068 1973 et
1091 1931 1202 1972 idem

182 1997 390 2038 subducta
414 1996 467 2037 ad
491 1995 624 2036 manis
650 1994 756 2035 imos
781 1994 1016 2036 desedimus
1040 1993 1172 2041 unda3

181 2067 244 2101 ter
270 2059 429 2113 scopuli
454 2058 680 2100 clamorem
703 2057 810 2098 inter
835 2071 937 2098 cava
963 2072 1063 2097 saxa
1088 2056 1253 2104 dedere,

182 2130 244 2164 ter
269 2136 461 2176 spumam
486 2120 630 2161 elisam
655 2126 695 2161 et
718 2119 900 2160 rorantia
924 2118 1103 2159 vidimus
1128 2125 1251 2158 astra.

182 2184 340 2225 interea
364 2183 496 2224 fessos
521 2190 669 2224 ventus
695 2196 791 2223 cum
815 2181 900 2222 sole
925 2180 1092 2234 reliquit

183 2246 402 2301 ignarique
426 2245 519 2286 viae
545 2243 780 2299 Cyclopum
807 2242 1040 2284 adlabimur
1063 2242 1158 2283 oris.

238 2308 392 2349 Portus
419 2307 472 2348 ab
497 2321 669 2348 accessu
693 2313 911 2347 ventorum
936 2305 1131 2345 immotus
1157 2310 1198 2344 et
1219 2303 1367 2358 ingens

183 2370 287 2425 ipse,
313 2370 386 2411 sed
410 2369 611 2410 horrificis
636 2369 753 2409 iuxta
777 2375 893 2408 tonat
915 2368 1056 2408 Aetna
1079 2366 1222 2415 ruinis,

184 2432 476 2485 interdumque
502 2438 633 2472 atram
658 2430 891 2485 prorumpit
914 2429 966 2470 ad
992 2428 1159 2470 aethera
1183 2428 1351 2477 nubem,

185 2494 350 2535 turbine
376 2493 605 2534 fumantem
632 2493 749 2548 piceo
776 2500 817 2533 et
840 2492 1042 2533 candente
1066 2490 1221 2538 favilla,

186 2556 417 2608 attollitque
441 2555 588 2609 globos
613 2556 874 2595 flammarum
899 2561 940 2595 et
963 2553 1098 2594 sidera
1121 2552 1284 2602 lambit,

97 2629 161 2661 575
187 2618 394 2659 interdum
421 2617 613 2671 scopulos
639 2617 863 2670 avolsaque
889 2616 1049 2658 viscera
1073 2614 1223 2655 montis
