1622 2847
207 146 232 190 8
622 157 665 193 P.
686 155 896 194 VERGILI
920 157 1144 194 MARoNis

205 260 294 301 ME.
328 260 443 312 Quid
468 260 624 302 domini
647 260 816 311 faciant,
842 261 997 303 audent
1020 277 1114 304 cum
1139 263 1239 304 talia
1261 262 1399 304 fures?

206 336 289 363 non
315 337 392 377 ego
417 330 458 364 te
483 323 568 364 vidi
592 322 811 373 Damonis,
836 323 1028 378 pessime,
1054 339 1227 380 caprum

206 385 397 440 excipere
421 385 595 435 insidiis,
621 387 798 427 multum
822 386 998 428 latrante
1021 385 1226 442 Lycisca?

207 454 247 488 et
272 462 367 489 cum
392 448 615 489 clamarem
642 452 745 502 ‘quo
768 463 880 490 nunc
905 463 948 490 se
972 449 1145 504 proripit
1169 449 1262 491 ille?

140 517 182 549 20
206 509 365 564 Tityre,
392 524 494 564 coge
518 510 674 565 pecus‚'
700 517 745 552 tu
769 518 863 566 post
887 518 1049 552 carecta
1073 512 1244 553 latebas.

206 571 291 613 DA.
323 572 393 613 An
419 572 520 613 mihi
545 573 751 614 cantando
776 573 911 615 victus
934 588 1018 614 non
1048 574 1237 615 redderet
1262 573 1344 622 ille,

206 648 331 688 quem
355 649 449 676 mea
474 635 726 676 carminibus
749 635 966 678 meruisset
991 636 1129 677 fistula
1153 636 1348 691 caprum?

205 696 240 736 si
264 696 412 745 nescis,
438 711 556 738 meus
580 697 648 739 ille
674 712 798 752 caper
821 697 919 747 fuit3
945 704 985 739 et
1008 697 1110 738 mihi
1133 697 1301 739 Damon

207 759 295 812 ipse
320 758 549 808 fatebatur3
575 759 648 800 sed
672 760 845 801 reddere
871 774 992 814 posse
1015 759 1209 814 negabat.

138 828 179 858 25
205 820 296 861 Mn.
329 819 550 862 Cantando
576 828 621 862 tu
646 821 787 863 illum?
812 829 883 862 aut
907 836 1107 875 umquam
1132 822 1206 862 tibi
1231 821 1369 862 fistula
1392 835 1487 862 cera

204 883 347 924 iuncta
371 883 474 924 fuit?
498 898 581 924 non
607 891 651 924 tu
676 884 719 925 in
744 884 889 932 triviis,
914 884 1092 933 indocte,
1119 884 1282 925 solebas

204 944 394 986 stridenti
419 945 617 987 miserum
642 946 795 1000 stipula
819 946 1056 1000 disperdere
1082 947 1273 987 carmen?

203 1006 288 1047 DA.
321 1006 397 1049 Vis
423 1022 536 1062 ergo,
561 1007 667 1049 inter
692 1022 780 1057 nos,
805 1007 907 1061 quid
931 1008 1060 1062 possit
1083 1015 1273 1062 uterque,
1298 1006 1479 1048 vicissim

205 1069 493 1124 experiamur?
519 1085 597 1124 ego
622 1070 731 1111 hanc
755 1070 927 1111 vitulam
953 1070 1022 1122 (ne
1046 1069 1153 1111 forte
1176 1085 1356 1119 recuseS,

138 1140 180 1171 30
204 1132 269 1172 bis
294 1132 407 1173 venit
431 1132 485 1173 ad
509 1132 742 1181 mulctram,
770 1132 889 1173 binos
914 1133 986 1173 alit
1009 1133 1138 1175 ubere
1162 1133 1289 1186 fetus)

205 1194 388 1249 depono:
413 1201 459 1235 tu
485 1194 564 1244 dic,
590 1209 755 1236 mecum
780 1209 863 1248 quo
888 1195 1062 1249 pignore
1087 1202 1231 1237 certes.

204 1255 295 1297 ME.
325 1256 395 1298 De
419 1271 548 1311 grege
572 1271 656 1297 non
681 1257 813 1297 ausim
838 1257 1064 1311 quicquam
1089 1258 1296 1312 deponere
1320 1263 1477 1298 tecum:

206 1326 268 1360 est
291 1318 393 1359 mihi
417 1333 599 1373 namque
631 1318 742 1359 domi
766 1326 897 1374 pater,
923 1328 983 1360 est
1010 1319 1164 1360 iniusta
1187 1333 1378 1368 noverca,

206 1381 353 1435 bisque
379 1381 445 1422 die
471 1388 693 1423 numerant
718 1381 841 1422 ambo
867 1396 1008 1436 pecus,
1035 1382 1137 1423 alter
1162 1390 1202 1423 et
1226 1381 1394 1423 haedos.

141 1453 182 1485 35
208 1458 367 1493 verum,
393 1443 441 1484 id'
461 1444 573 1497 quod
597 1444 727 1484 multo
752 1451 839 1484 tute
863 1444 952 1498 ipse
978 1444 1161 1486 fatebere
1185 1444 1332 1493 maius,

207 1506 405 1557 (insanire
429 1505 529 1547 libet
554 1506 751 1559 quoniam
775 1505 867 1557 tibi)
891 1506 1041 1560 pocula
1065 1521 1217 1561 ponam

207 1568 362 1623 fagina,
388 1568 594 1609 caelatum
620 1568 748 1609 divini
773 1583 877 1623 opus
902 1568 1223 1622 Alcimedontis3

205 1630 318 1672 lenta
343 1631 496 1685 quibus
521 1638 640 1672 torno
666 1630 777 1673 facili
804 1630 1069 1685 superaddita
1094 1631 1187 1672 vitis

209 1693 383 1734 diffusos
414 1693 568 1734 hedera
593 1693 714 1734 vestit
739 1693 919 1748 pallente
944 1693 1177 1748 corymbos.

139 1765 183 1796 40
207 1755 250 1796 in
274 1755 411 1797 medio
437 1756 519 1796 duo
545 1756 676 1810 signa,
703 1754 852 1797 Conon
876 1763 917 1797 et
939 1780 995 1785 —
1018 1756 1110 1810 quis
1134 1755 1213 1796 fuit
1237 1754 1351 1802 alter,

209 1818 427 1873 descripsit
451 1817 567 1860 radio
592 1826 725 1859 totum
751 1818 821 1872 qui
846 1818 1041 1873 gentibus
1065 1818 1221 1867 orbem,

207 1887 394 1935 tempora
418 1895 524 1934 quae
549 1895 718 1930 messor,
745 1895 852 1934 quae
876 1895 1026 1921 curvus
1053 1888 1189 1921 arator
1212 1879 1408 1921 haberet?

207 1943 387 1984 necdum
411 1943 491 1984 illis
515 1942 632 1983 labra
657 1943 836 1992 admovi,
862 1943 933 1984 sed
960 1942 1126 1984 condita
1150 1957 1283 1984 servo.

208 2004 292 2046 DA.
325 2004 381 2045 Et
405 2004 524 2046 nobis
548 2005 660 2046 idem
683 2005 934 2046 Alcimedon
959 2005 1040 2045 duo
1065 2005 1216 2059 pocula
1240 2003 1351 2053 fecit,

141 2078 183 2108 45
210 2074 250 2110 et
274 2067 386 2108 molli
412 2067 567 2108 circum
592 2074 654 2109 est
679 2082 800 2109 ansas
826 2067 1043 2122 amplexus
1068 2067 1257 2115 acantho,

211 2128 467 2184 Orpheaque
490 2129 534 2171 in
557 2129 694 2171 medio
718 2129 856 2185 posuit
880 2129 1086 2183 silvasque
1112 2128 1340 2182 sequentis3

209 2191 388 2233 necdum
412 2191 492 2233 illis
516 2192 633 2234 labra
658 2191 837 2241 admovi,
862 2191 935 2234 sed
960 2191 1125 2233 condita
1149 2205 1286 2232 servo:

209 2254 244 2295 si
270 2254 322 2295 ad
346 2254 518 2295 vitulam
543 2261 718 2309 spectas,
743 2254 845 2295 nihil
871 2262 944 2304 est,
970 2254 1081 2309 quod
1105 2254 1255 2309 pocula
1277 2251 1436 2295 laudes.

209 2315 546 2370 MnNumquam
559 2317 680 2359 hodie
697 2317 892 2372 effugies3
911 2317 1090 2366 veniam,
1104 2330 1366 2370 quocumque
1380 2312 1552 2355 vocaris.

143 2389 186 2420 50
211 2379 353 2420 audiat
376 2379 480 2421 haec
504 2386 666 2420 tantum
689 2405 746 2414 —-
768 2380 835 2421 vel
859 2379 931 2433 qui
955 2379 1066 2421 venit
1091 2393 1187 2421 ecce
1211 2378 1451 2420 Palaemon.

211 2440 403 2491 efficiam,
428 2441 601 2496 posthac
625 2456 955 2496 ne-quemquam
979 2456 1081 2483 voce
1104 2441 1297 2483 lacessas.

210 2503 295 2544 DA.
327 2503 443 2555 Quin
468 2518 559 2559 age,
585 2504 723 2558 siquid
746 2504 894 2554 habes3
920 2504 962 2545 in
985 2519 1053 2545 me
1076 2518 1192 2545 mora
1215 2518 1299 2544 non
1323 2501 1400 2544 erit
1423 2501 1520 2551 ulla,

210 2580 287 2607 nec
311 2579 563 2619 quemquam
587 2566 722 2621 fugio:
748 2573 923 2617 tantum,
949 2566 1082 2608 vicine
1105 2566 1347 2614 Palaemon,

213 2628 401 2671 sensibus
425 2628 530 2670 haec
553 2628 647 2671 imis
673 2631 754 2682 (res
779 2636 842 2673 est
864 2644 948 2672 non
971 2629 1116 2684 parva)
1141 2643 1330 2683 reponas.
