1622 2847
220 136 300 179 126
633 146 677 181 Ρ.
698 145 909 182 VERGILI
933 146 1110 183 MARON
1113 145 1158 182 IS

216 250 398 305 abnegat
422 250 670 305 inceptoque
695 257 737 292 et
761 250 929 292 sedibus
954 250 1099 293 haeret
1121 251 1163 292 in
1187 251 1332 294 isdem.

127 321 190 353 655
216 327 357 352 rursus
382 313 424 353 in
449 327 564 353 arma
589 312 699 353 feror
723 318 981 366 mortemque
1006 312 1260 354 miserrimus
1285 319 1395 368 opto.

214 389 312 414 nam
337 375 450 427 quod
475 374 693 415 consilium
719 381 790 414 aut
814 388 920 427 quae
946 375 1028 415 iam
1053 375 1220 415 fortuna
1245 375 1446 418 dabatur?

216 440 355 477 ‘mene
381 436 527 477 efferre
553 436 715 490 pedem,
742 436 917 490 genitor,
944 443 983 477 te
1008 451 1129 491 posse
1155 437 1298 478 relicto

215 499 401 553 sperasti,
428 506 672 551 tantumque
697 498 814 540 nefas
840 499 973 553 patrio
999 499 1151 540 excidit
1176 499 1271 540 ore?

215 561 249 601 si
273 561 375 602 nihil
401 576 452 602 ex
477 567 591 601 tanta
616 561 775 616 superis
801 561 938 615 placet
962 561 1064 602 urbe
1089 561 1265 615 relinqui

124 634 188 665 660
214 631 254 664 et
278 623 394 663 sedet
419 623 495 663 hoc
520 623 657 663 animo
683 623 974 678 perituraeque
999 623 1151 664 addere
1176 623 1327 664 Troiae

213 692 335 738 teque
361 692 538 738 tuosque
562 685 690 734 iuvat,
716 692 830 739 patet
854 685 921 726 isti
946 685 1070 726 ianua
1095 686 1176 726 leto

212 748 378 800 iamque
404 747 535 789 aderit
560 748 689 788 multo
715 747 873 788 Priami
899 747 949 788 de
975 748 1177 803 sanguine
1202 747 1405 802 Pyrrhus,

213 817 387 864 gnatum
413 816 507 851 ante
533 823 604 850 ora
629 810 770 864 patris,
796 816 957 863 patrem
982 811 1052 863 qui
1078 810 1298 850 obtruncat
1323 810 1375 850 ad
1400 824 1504 852 aras.

212 872 290 912 hoc
316 879 416 920 erat,
443 872 550 912 alma
576 886 738 926 parens,
765 872 877 924 quod
901 886 967 912 me
992 887 1066 926 per
1090 872 1184 920 tela,
1210 887 1282 926 per
1306 872 1414 926 ignis

122 948 185 979 665
212 934 348 989 eripis,
375 942 421 974 ut
445 934 592 974 mediis
617 933 778 974 hostem
803 933 844 973 in
871 933 1150 988 penetralibus
1176 942 1305 987 utque

210 996 443 1037 Ascanium
468 1002 711 1051 patremque
736 1010 875 1036 meum
901 995 1099 1049 iuxtaque
1125 995 1327 1038 Creusam

211 1060 387 1114 alterum
411 1059 452 1099 in
478 1058 645 1100 alterius
672 1064 872 1099 mactatos
899 1058 1102 1112 sanguine
1128 1058 1320 1099 cernam?

210 1138 338 1170 arma,
364 1121 453 1170 viri,
479 1121 582 1162 ferte
608 1136 740 1169 arma3
768 1127 889 1161 vocat
912 1121 985 1161 lux
1010 1121 1155 1161 ultima
1180 1121 1322 1163 victos.

210 1185 369 1225 reddite
395 1199 461 1224 me
487 1183 661 1232 Danais,
688 1183 807 1224 sinite
832 1183 1060 1224 instaurata
1085 1183 1264 1224 revisam

121 1260 185 1291 670
210 1247 377 1302 proelia.
426 1261 655 1299 numquam
681 1259 824 1286 omnes
849 1245 970 1286 hodie
996 1246 1220 1286 moriemur
1244 1244 1390 1285 inulti!

268 1310 379 1350 Hinc
403 1309 512 1349 ferro
539 1308 734 1362 accingor
760 1323 901 1348 rursus
928 1308 1142 1362 clipeoque
1168 1307 1375 1348 sinistram

208 1372 460 1414 insertabam
487 1378 633 1425 aptans
658 1385 808 1424 meque
834 1377 950 1411 extra
976 1377 1083 1411 tecta
1108 1370 1306 1411 ferebam.

209 1450 304 1476 ecce
331 1442 470 1475 autem
497 1434 714 1487 complexa
739 1433 866 1487 pedes
892 1433 933 1473 in
959 1433 1098 1473 limine
1124 1433 1305 1473 coniunx

209 1497 409 1538 haerebat
432 1510 691 1551 parvumque
717 1495 823 1550 patri
850 1495 1044 1536 tendebat
1071 1495 1228 1536 Iulum:

119 1570 182 1600 675
210 1560 262 1600 ‘si
288 1560 494 1615 periturus
521 1558 624 1607 abis,
650 1565 691 1598 et
716 1573 791 1598 nos
817 1573 915 1612 rape
942 1558 983 1598 in
1008 1558 1148 1598 omnia
1173 1565 1327 1606 tecum3

208 1623 271 1663 sin
297 1622 475 1676 aliquam
504 1628 699 1676 expertus
725 1620 900 1675 sumptis
926 1635 1042 1674 spem
1068 1620 1187 1675 ponis
1212 1620 1253 1660 in
1280 1619 1417 1669 armis,

207 1685 315 1726 hanc
340 1685 519 1739 primum
545 1691 679 1724 tutare
705 1683 889 1723 domum.
939 1683 1005 1723 cui
1030 1697 1183 1737 parvus
1208 1683 1339 1730 Iulus,

208 1748 275 1789 cui
300 1755 418 1802 pater
444 1754 486 1788 et
510 1746 690 1787 coniunx
716 1746 927 1799 quondam
954 1752 1025 1786 tua
1049 1745 1158 1786 dicta
1183 1744 1433 1798 1·elinquor?'

291 1810 412 1851 Talia
437 1809 668 1850 vociferans
693 1808 850 1863 gemitu
877 1815 1032 1849 tectum
1058 1822 1180 1848 omne
1204 1807 1405 1862 replebat,

118 1886 181 1916 660
207 1889 302 1915 cum
328 1872 511 1914 subitum
538 1871 734 1924 dictuque
760 1871 889 1911 oritur
915 1870 1102 1911 mirabile
1128 1877 1370 1910 monstrum.

206 1950 386 1990 namque
410 1949 558 1975 manus
584 1934 690 1974 inter
714 1940 1053 1985 maestorumque
1079 1947 1151 1973 ora
1175 1939 1394 1987 parentum

207 2013 303 2040 ecce
328 1998 430 2038 levis
456 2010 618 2037 summo
645 1995 696 2036 de
721 1995 875 2036 vertice
900 1995 1014 2035 visus
1040 1994 1120 2035 Iuli

206 2061 381 2102 fundere
406 2061 547 2100 lumen
573 2073 680 2113 apex
705 2065 901 2111 tactuque
926 2057 1096 2097 innoxia
1120 2056 1254 2098 mollis

206 2124 389 2165 lambere
414 2123 582 2163 flamma
607 2135 746 2161 comas
773 2127 813 2162 et
838 2120 994 2161 circum
1019 2127 1205 2174 tempora
1230 2118 1357 2173 pasci.

118 2199 180 2230 685
207 2202 281 2228 nos
307 2185 448 2241 pavidi
474 2184 681 2239 trepidare
707 2189 819 2224 metu
846 2182 1084 2235 crinemque
1110 2183 1355 2236 flagrantem

208 2255 400 2291 excutere
427 2254 467 2288 et
491 2254 654 2287 sanctos
679 2245 936 2300 restinguere
961 2244 1144 2285 fontibus
1169 2244 1302 2298 ignes.

208 2319 250 2353 at
273 2318 390 2366 pater
414 2309 620 2351 Anchises
646 2309 787 2349 oculos
814 2308 867 2349 ad
892 2307 1027 2348 sidera
1050 2307 1183 2348 laetus

208 2374 355 2416 extulit
380 2380 419 2414 et
446 2372 559 2414 caelo
585 2371 744 2425 palmas
771 2385 865 2411 cum
891 2384 992 2411 voce
1017 2369 1208 2410 tetendit:

207 2436 414 2492 ‘Iuppiter
439 2435 713 2489 omnipotens,
745 2433 936 2488 precibus
963 2432 997 2473 si
1023 2432 1197 2473 flecteris
1223 2431 1330 2481 ullis,

119 2511 182 2541 690
208 2499 345 2554 aspice
370 2512 444 2539 nos
470 2497 547 2538 hoc
572 2502 746 2544 tantum,
773 2503 825 2543 et,
853 2495 885 2535 si
911 2495 1062 2549 pietate
1087 2509 1307 2543 meremur,

209 2563 262 2603 da
286 2561 434 2602 deinde
459 2559 694 2614 augurium,
720 2565 850 2613 pater,
877 2564 1000 2610 atque
1026 2557 1127 2598 haec
1152 2557 1289 2597 omina
1313 2555 1458 2597 firma.'

265 2624 348 2667 Vix
374 2638 422 2665 ea
447 2622 557 2664 fatus
583 2628 670 2663 erat
695 2620 843 2670 senior,
870 2619 1089 2674 subitoque
1114 2618 1279 2675 fragore
