1622 2847
73 514 136 544 190

72 828 134 858 195

71 1137 135 1169 200

70 1451 134 1482 205

72 1765 136 1796 210

73 2074 136 2105 215

75 2387 140 2418 220

166 142 247 184 114
574 150 615 185 Ρ.
637 150 847 185 VERGILI
872 149 1095 187 MARONIS

161 255 380 296 roboribus
405 254 527 295 textis
554 255 751 308 caeloque
777 254 952 296 educere
977 254 1110 303 iussit,

162 333 215 359 ne
239 317 366 372 recipi
391 317 518 371 portis
544 325 616 357 aut
640 317 734 357 duci
758 316 799 356 in
824 317 988 357 moenia
1011 324 1152 371 posset

161 395 243 421 neu
268 380 469 434 populum
495 379 666 432 antiqua
691 378 768 419 sub
793 379 1009 432 relligione
1034 378 1152 419 tueri.

160 457 256 483 nam
283 442 316 482 si
341 450 478 482 vestra
501 455 650 481 manus
676 440 869 481 violasset
897 441 1005 481 dona
1029 441 1262 489 Minervae,

161 512 248 545 tum
274 519 474 558 magnum
500 502 669 543 exitium
696 503 824 556 (quod
849 503 890 543 di
916 502 1029 557 prius
1056 517 1177 543 omen
1202 502 1244 542 111
1269 502 1406 556 ipsum

161 568 419 619 convertant)
444 565 602 606 Priami
626 565 798 619 imperio
823 565 1147 619 Phrygibusque
1173 564 1359 605 futurum
1368 579 1379 613 ;

162 629 224 669 sin
249 628 441 669 manibus
466 627 613 668 vestris
639 635 818 668 vestram
843 627 1095 668 ascendisset
1120 627 1160 667 in
1187 627 1348 676 urbem,

161 691 268 732 ultro
293 690 441 730 Asiam
467 704 620 743 magno
646 689 831 743 Pelopea
856 691 907 729 ad
932 689 1095 730 moenia
1119 689 1230 730 bello

160 760 391 800 venturam,
419 759 456 792 et
483 760 642 791 nostros
669 766 717 792 ea
741 752 828 792 sata
852 766 1019 793 manere
1044 751 1244 805 nepotes.'

217 814 391 855 Talibus
417 813 575 854 insidiis
602 813 838 868 periurique
864 821 950 854 arte
977 812 1145 854 Sinonis

161 877 317 918 credita
340 891 418 924 res,
445 876 636 930 captique
662 875 765 916 dolis
791 876 1053 928 lacrimisque
1079 875 1245 923 coactis,

161 954 264 993 quos
289 953 425 991 neque
451 938 638 992 Tydides
664 952 740 979 nec
765 937 990 978 Larisaeus
1016 937 1218 985 Achilles,

159 1016 243 1042 non
270 1001 367 1042 anni
393 1000 590 1041 domuere
617 1000 774 1047 decem,
800 1014 885 1040 11011
910 999 1021 1040 1111110
1047 999 1223 1040 carinae.

216 1063 299 1104 Hic
324 1063 437 1104 aliud
462 1062 595 1103 maius
622 1061 781 1103 miseris
807 1062 1020 1114 multoque
1045 1061 1306 1102 tremendum

162 1126 339 1167 obicitur
363 1124 496 1180 magis
522 1131 648 1177 atque
672 1123 890 1178 inprovida
915 1131 1083 1178 pectora
1108 1123 1260 1164 turbat.

160 1188 375 1236 Laocoon,
402 1187 551 1227 duetus
576 1186 773 1240 Neptuno
800 1194 908 1227 sorte
934 1185 1139 1234 sacerdos,

160 1250 369 1292 sollemnis
395 1257 561 1290 taurum
584 1248 799 1303 ingentem
824 1248 1033 1289 mactabat
1058 1247 1110 1288 ad
1135 1262 1239 1288 aras.

160 1327 256 1355 ecce
282 1320 422 1353 autem
446 1310 602 1366 gemini
628 1326 652 1351 a
675 1310 848 1352 Tenedo
873 1310 1098 1364 tranquilla
1123 1324 1196 1364 per
1221 1309 1303 1350 alta

161 1376 370 1427 (horresco
396 1375 595 1424 referens)
621 1373 818 1414 inmensis
844 1372 1015 1413 orbibus
1042 1387 1201 1427 angues

160 1437 409 1479 incumbunt
432 1436 581 1491 pelago
608 1436 842 1490 pariterque
869 1435 921 1475 ad
947 1435 1067 1475 litora
1092 1434 1284 1475 tendunt:

160 1509 329 1556 pectora
354 1513 531 1553 quorum
556 1498 662 1538 inter
686 1498 835 1539 fluctus
862 1504 1020 1538 arrecta
1044 1496 1251 1549 iubaeque

161 1563 414 1617 sanguineae
441 1569 638 1616 superant
662 1561 808 1609 undas,
834 1575 929 1615 pars
955 1567 1092 1601 cetera
1116 1566 1290 1613 pontum

160 1641 268 1681 pone
294 1624 396 1679 legit
419 1625 639 1676 sinuatque
664 1623 853 1664 inmensa
878 1622 1089 1663 volumine
1115 1630 1243 1676 terga.

160 1689 207 1729 fit>
231 1687 388 1729 sonitus
413 1694 631 1741 spumante
656 1686 761 1734 salo;
788 1685 954 1738 iamque
979 1699 1078 1725 arva
1102 1683 1299 1724 tenebant

162 1750 428 1803 ardentisque
454 1749 596 1789 oeulos
623 1748 787 1789 suffecti
812 1747 1014 1801 sanguine
1039 1753 1080 1787 et
1103 1746 1191 1801 igni

163 1813 281 1853 sibila
305 1811 545 1852 lambebant
575 1810 728 1864 linguis
754 1809 1013 1850 vibrantibus
1039 1823 1122 1849 ora.

163 1875 407 1930 diffugimus
433 1874 524 1914 visu
550 1888 774 1927 exangues.
822 1872 879 1912 illi
905 1871 1070 1926 agmine
1097 1879 1207 1911 00110

163 1937 405 1978 Laocoonta
430 1943 594 1990 petunt3
621 1943 660 1975 et
686 1934 864 1988 primum
889 1949 1019 1988 parva
1044 1933 1220 1973 duorum

163 2014 336 2054 corpora
359 2006 552 2039 natorum
579 2011 748 2051 serpens
774 1996 990 2050 amplexus
1015 2002 1190 2048 uterque

161 2062 331 2117 inplicat
356 2068 396 2102 et
421 2060 590 2101 miseros
615 2073 755 2099 morsu
781 2058 1017 2113 depascitur
1042 2064 1153 2098 artus
1163 2073 1173 2106 ;

162 2132 253 2180 post
280 2124 430 2179 ipsum,
455 2122 609 2163 auxilio
635 2121 884 2162 subeuntem
910 2135 957 2162 ac
982 2120 1064 2161 tela
1089 2119 1302 2167 ferentem,

163 2187 390 2241 corripiunt
414 2185 617 2240 spirisque
642 2184 774 2238 ligant
798 2183 1054 2238 ingentibus:
1081 2190 1120 2223 et
1144 2182 1226 2222 iam

163 2250 228 2291 bis
254 2249 438 2290 medium
463 2247 656 2302 amplexi,
684 2246 745 2287 bis
771 2247 876 2287 00110
902 2260 1100 2299 squamea
1125 2245 1280 2285 circum

164 2320 282 2367 terga
307 2311 403 2359 dati,
430 2317 628 2364 superant
652 2309 785 2363 capite
810 2316 848 2350 et
874 2307 1104 2349 cervicibus
1130 2306 1233 2348 altis.

164 2375 232 2416 ille
257 2374 380 2414 simul
405 2372 597 2413 manibus
622 2371 753 2412 tendit
779 2371 973 2412 divellere
998 2370 1142 2419 nodos,

164 2437 358 2493 perfusus
384 2435 497 2476 sanie
522 2435 644 2475 vittas
670 2441 841 2487 atroque
866 2447 1040 2481 veneno,

166 2500 365 2541 clamores
393 2497 516 2538 simul
541 2496 767 2537 horrendos
793 2496 845 2536 ad
872 2496 1006 2537 sidera
1029 2493 1146 2543 tollit,

166 2561 299 2615 qualis
324 2559 524 2613 mugitus,
550 2558 658 2614 fugit
684 2574 779 2600 eum
804 2558 968 2599 saucius
993 2572 1107 2599 aram

167 2632 310 2665 taurus
336 2630 375 2663 et
401 2622 599 2663 incertam
625 2620 804 2663 excussit
829 2620 988 2662 cervice
1013 2619 1202 2661 securim.
