1660 2847
554 167 806 205 AENEIDOS
829 168 925 204 LIB.
950 167 1017 204 IX.

114 277 297 326 dextera,
322 274 433 330 quod
457 288 663 328 nequeam
686 272 878 315 lacrimas
903 271 1085 328 perferre
1111 272 1306 328 parentis.

113 345 156 380 at
179 346 236 388 tu,
261 352 346 387 oro,
372 337 505 378 solare
528 336 697 391 inopem
721 342 763 377 et
786 349 979 376 succurre
1003 335 1184 376 relictae.

113 400 220 442 hanc
243 400 331 442 sine
354 413 420 440 me
445 413 560 453 spem
584 398 691 440 ferre
715 397 794 439 tui:
821 397 1037 439 audentior
1061 396 1130 437 ibo

111 463 154 503 in
179 477 297 503 casus
322 460 481 502 omnis.’
528 474 726 515 percussa
748 466 885 500 mente
911 459 1061 501 dedere

111 523 379 565 Dardanidae
401 522 611 572 lacrimas3
637 529 732 563 ante
756 521 888 563 omnis
913 521 1086 576 pulcher
1108 520 1241 571 Iulus,

112 593 235 641 atque
260 585 444 627 animum
467 585 624 641 patriae
649 584 814 626 strinxit
836 584 1000 639 pietatis
1024 583 1178 638 imago,

111 655 199 689 tum
224 648 282 689 sic
306 648 473 689 effatur:

111 711 286 765 ‘sponde
311 710 438 765 digna
463 709 544 751 tuis
570 708 809 763 ingentibus
834 706 973 749 omnia
997 707 1167 763 coeptis.

110 786 290 826 namque
315 773 390 814 erit
412 771 492 813 ista
517 770 617 812 mihi
641 770 830 825 genetrix
853 783 1087 824 nomenque
1113 768 1299 812 Creusae

110 834 243 876 solum
268 833 457 883 defuerit,
482 848 559 875 nec
582 839 748 889 partum
771 832 907 887 gratia
930 832 1056 873 talem

108 911 238 952 parva
261 903 412 938 manet.
462 910 582 938 casus
605 895 764 936 factum
788 894 1040 948 quicumque
1065 901 1304 948 sequentur,

108 974 184 1015 per
208 967 333 1014 caput
355 959 435 1001 hoo
457 958 561 1009 iuro,
586 974 660 1014 per
683 958 795 1012 quod
818 965 936 1013 pater
959 964 1056 1000 ante
1081 958 1261 1000 solebat:

109 1035 216 1076 quae
241 1021 316 1062 tibi
339 1021 537 1076 polliceor
560 1020 703 1062 reduci
726 1020 934 1074 rebusque
959 1020 1165 1069 secundis,

108 1083 212 1126 haec
237 1083 383 1125 eadem
406 1083 610 1136 matrique
635 1089 731 1124 tuae
755 1081 981 1136 generique
1005 1081 1260 1125 manebunt?

108 1145 167 1187 sic
191 1146 249 1187 ait
271 1145 552 1194 inlacrimans3
577 1159 721 1185 umero
747 1144 869 1185 simul
894 1143 1009 1185 exuit
1033 1159 1188 1194 ensem,

108 1214 311 1257 auratum,
336 1207 441 1248 mira
465 1221 589 1261 quem
612 1207 769 1248 fecerat
793 1212 879 1247 arte
904 1205 1079 1261 Lycaon

109 1268 293 1311 Gnosius
318 1275 444 1323 atque
469 1268 650 1310 habilem
675 1267 828 1322 vagina
853 1275 1016 1322 aptarat
1039 1268 1208 1310 eburna.

108 1331 178 1373 dat
201 1331 303 1372 Niso
328 1330 575 1372 Mnestheus
600 1329 751 1385 pellem
775 1329 1063 1384 horrentisque
1087 1330 1217 1372 leonis

108 1394 292 1444 exuvias,
317 1394 480 1449 galeam
504 1393 611 1434 fidus
635 1399 843 1448 permutat
865 1392 1024 1434 Aletes.

106 1456 293 1511 protinus
319 1456 464 1497 armati
488 1456 704 1505 incedunt3
730 1470 833 1509 quos
858 1456 990 1497 omnis
1017 1456 1152 1498 euntis

105 1519 333 1574 primorum
356 1533 504 1559 manus
529 1518 582 1559 ad
605 1525 759 1573 portas,
783 1518 1063 1572 iuvenumque
1088 1533 1332 1574 senumque,

105 1581 370 1636 prosequitur
393 1580 512 1621 votis.
560 1594 637 1622 nec
661 1595 744 1621 non
769 1586 810 1622 et
832 1580 1006 1635 pulcher
1029 1581 1160 1630 Iulus,

105 1650 200 1685 ante
226 1657 355 1684 annos
380 1642 646 1696 animumque
671 1657 820 1698 gerens
846 1656 1073 1697 curamque
1098 1644 1272 1694 virilem,

104 1706 235 1747 multa
258 1704 365 1760 patri
389 1704 585 1746 mandata
609 1704 734 1745 dabat
759 1705 981 1760 portanda:
1008 1705 1080 1747 sed
1106 1720 1232 1747 aurae

104 1769 243 1809 omnia
267 1767 507 1822 discerpunt
531 1774 570 1809 et
593 1767 775 1808 nubibus
798 1767 922 1808 inrita
947 1767 1114 1809 donant.

160 1830 332 1885 Egressi
356 1836 553 1885 superant
574 1829 707 1871 fossas
731 1830 947 1883 noctisque
971 1845 1046 1885 per
1069 1831 1262 1872 umbram

105 1899 240 1934 castra
263 1892 429 1933 inimica
452 1898 612 1946 petunt,
638 1892 777 1933 multis
801 1899 941 1933 tamen
965 1899 1060 1934 ante
1085 1892 1214 1934 futuri

105 1955 243 1997 exitio.
291 1954 444 2009 passim
469 1968 613 1995 somno
638 1954 818 2008 vinoque
842 1969 916 2009 per
939 1953 1111 1996 herbam

105 2031 277 2072 corpora
300 2016 394 2057 fusa
418 2015 572 2065 vident,
599 2023 778 2058 arrectos
802 2016 922 2057 litore
947 2031 1105 2066 currus,

104 2079 211 2120 inter
233 2080 321 2120 lora
343 2085 537 2132 rotasque
562 2078 685 2128 viros,
712 2079 833 2119 simul
859 2094 974 2120 arma
997 2079 1144 2128 iacere,

105 2141 202 2181 vina
226 2141 359 2181 simul.
407 2140 518 2195 prior
542 2140 794 2195 Hyrtacides
820 2140 878 2181 sic
903 2155 973 2182 ore
996 2141 1179 2182 locutus:

105 2203 321 2257 ‘Euryale,
348 2203 584 2244 audendum
612 2203 775 2252 dextra3
801 2218 912 2244 nunc
935 2203 1026 2258 ipsa
1049 2211 1171 2245 vocat
1195 2220 1273 2246 res.

104 2265 182 2307 hac
206 2265 283 2306 iter
308 2272 380 2306 est.
430 2272 488 2314 tu,
513 2279 650 2318 nequa
675 2280 822 2306 manus
848 2280 891 2306 se
916 2265 1102 2307 attollere
1126 2266 1246 2308 nobis

105 2344 130 2370 a
153 2334 270 2383 tergo
294 2327 435 2382 possit,
462 2327 622 2369 custodi
647 2334 688 2368 et
712 2327 879 2369 consule
903 2328 1045 2383 longe3

104 2390 207 2431 haec
232 2404 309 2445 ego
334 2396 450 2430 vasta
473 2389 581 2430 dabo
607 2396 648 2431 et
669 2389 752 2430 lato
776 2396 818 2431 te
840 2389 970 2431 limite
996 2390 1172 2432 ducam.’

105 2453 163 2494 sic
187 2458 388 2493 memorat
411 2466 639 2506 vocemque
664 2452 830 2507 premit3
856 2452 979 2494 simul
1004 2468 1101 2494 ense
1126 2455 1351 2508 superbum

104 2514 382 2556 Rhamnetem
406 2514 658 2569 adgreditur,
684 2514 756 2568 qui
780 2514 885 2556 forte
909 2515 1119 2569 tapetibus
1144 2516 1235 2557 altis

107 2584 317 2618 extructus
342 2582 426 2617 toto
450 2576 655 2631 proflabat
679 2583 845 2631 pectore
871 2591 1075 2627 somnum,

105 2653 178 2680 rex
202 2638 312 2681 idem
337 2644 377 2680 et
400 2638 490 2694 regi
513 2638 657 2680 Turno
682 2638 939 2695 gratissimus
964 2654 1117 2695 augur3

1348 194 1352 197 ,
1371 157 1453 202 261

1481 468 1546 500 290

1481 780 1544 811 295

1479 1092 1544 1125 300

1477 1406 1541 1438 305

1475 1718 1540 1750 310

1475 2031 1537 2063 315

1473 2342 1538 2374 320

1474 2653 1537 2684 325
