1622 2799
313 148 368 174 DE
385 146 480 175 VITA
498 144 820 176 CARMINIBUSQUE
839 145 1018 172 VERGILH
1033 145 1240 172 PROLUSIO.
1433 142 1498 170 VII

61 219 213 265 plicavit
225 219 252 264 9,
285 219 385 254 cuius
418 217 603 253 doctrinae
635 228 769 263 magna
793 218 956 252 versibus
982 218 1003 252 3
1026 227 1078 262 sq.
1107 217 1186 263 ipse
1215 220 1324 262 poeta
1349 217 1390 251 id
1416 228 1498 251 con-

61 269 139 299 tum
163 268 240 299 erat
261 264 359 309 apud
375 264 555 298 Romanos
572 263 703 308 opinio.
730 262 768 296 in
795 263 914 297 silium
935 263 1119 308 professus
1143 274 1220 297 esse
1249 263 1418 308 idemque
1445 262 1497 296 in-

62 310 283 344 medicorum
293 310 323 334 10
341 319 483 353 quoque
496 308 767 343 mathematico·
795 308 946 352 dicasse,
970 320 1032 343 cur
1053 312 1231 342 mutatum
1258 308 1321 342 sit:
1349 307 1499 351 scilicet,

61 366 212 400 rumque
235 354 435 399 disciplinis
464 365 546 388 eum
574 353 769 398 diligenter
794 357 833 387 ut
868 354 1077 399 interpretis
1113 353 1211 387 illius
1247 353 1368 387 verbis
1405 356 1500 396 utar,

62 404 245 434 versatum
263 410 341 434 esse
360 398 552 434 Suetonius
568 398 729 432 tradidit.
795 399 1034 433 ‘considerata
1049 398 1177 433 aetatis
1192 403 1228 432 et
1238 398 1378 444 ingenii
1386 398 1500 443 quali-

108 445 294 479 Poeticam
325 444 536 478 facultatem
573 444 646 478 iam
677 454 768 489 puer
794 444 890 480 tate.⁷
903 444 1001 478 idem
1014 444 1165 478 fortasse
1175 442 1500 487 Suetoniusvoluit,

63 490 262 524 ostendisse
306 489 438 523 dicitur
478 489 682 535 Vergilius,
726 499 769 522 ea
795 501 875 523 cum
908 501 989 523 eum
1020 489 1171 523 materia
1209 488 1386 523 offensum
1423 499 1501 522 esse

63 534 158 569 enim
187 537 307 569 aetate
329 535 367 568 in
388 534 565 568 Balistam
592 535 769 568 latronem
795 535 902 579 dixit,
932 535 1028 579 quod
1055 534 1300 568 testimonium
1330 533 1501 568 inferiore

63 579 288 625 epigramma
309 580 446 614 factum
474 590 551 614 esse
577 578 768 614 Suetonius
795 584 914 614 aetate
939 591 981 614 eo
1005 580 1184 613 detortum
1206 583 1270 623 est,
1294 583 1334 613 ut
1357 578 1502 613 Servius

61 628 224 659 testatur.
239 625 336 659 idem
349 624 507 659 sedecim
519 635 631 660 annos
644 628 768 658 natum
794 626 841 659 ad
862 625 944 659 buc.
962 625 1017 660 VI
1033 625 1054 659 3
1075 625 1166 659 haec
1189 624 1424 669 adscripserit
1446 627 1502 658 ‘et

61 673 208 715 poetam
232 669 393 704 Culicem
416 676 559 704 carmen
581 669 767 714 scripsisse

61 719 185 749 narrat
201 719 237 749 et
253 714 480 760 Catalepton,
503 714 666 759 Priapia,
682 714 767 759 Epi-

62 764 282 806 grammata,
310 760 438 804 Diras,
467 759 567 794 Cirin
594 761 646 793 ita
674 770 767 793 com-

62 809 248 849 memorat,
270 809 311 840 ut
332 805 429 839 illius
452 805 582 839 aetatis
605 804 767 838 homines

63 861 108 885 ea
135 851 294 885 carmina
322 850 399 884 sine
430 850 655 884 dubitatione
679 850 768 884 Ver-

62 895 150 941 gilio
167 896 336 931 tribuisse
354 902 391 930 et
406 899 553 940 putasse
566 895 767 937 videantur,

62 941 184 975 omnia
220 946 303 976 ante
340 941 594 975 Bucolicorum
636 941 768 974 librum

64 986 163 1020 edita
175 997 264 1021 esse.
278 986 387 1020 hodie
396 985 610 1030 Catalepton
617 985 766 1027 IX(XI)⁷

62 1031 185 1075 Diras,
209 1030 307 1065 Cirin
323 1031 479 1083 Vergilii
501 1041 573 1064 non
591 1042 667 1065 esse
686 1041 768 1064 con-

63 1077 222 1111 sentiunt
236 1077 304 1110 viri
322 1077 429 1119 docti,
448 1088 491 1110 ne
520 1087 565 1110 ue
583 1076 769 1110 dubitatur

86 1121 148 1155 uin
160 1122 434 1167 Epigrammata
447 1133 489 1156 ea
519 1132 575 1155 em
591 1122 662 1155 sint
676 1132 768 1165 quae

62 1133 280 1212 gatalepton
312 1166 472 1201 carmina
485 1168 525 1200 11.
567 1167 612 1200 de
645 1165 768 1200 Culice

63 1215 148 1246 sunt
176 1212 238 1257 qui
265 1217 426 1246 veterum
453 1211 662 1246 testimonia
683 1222 768 1246 vera

63 1268 143 1292 esse
166 1257 237 1291 sibi
259 1257 520 1302 persuaserint,
549 1258 613 1291 sed
635 1256 768 1291 rectius

62 1302 225 1337 iudicare
254 1303 421 1337 videntur
449 1302 510 1347 qui
536 1302 766 1348 languidissi-

62 1359 160 1382 mum
182 1348 366 1393 omnisque
388 1348 523 1393 poetici
549 1347 684 1393 vigoris
711 1359 767 1381 ex-

62 1404 147 1438 pers
169 1395 381 1438 opusculum
403 1404 425 1427 a
441 1393 597 1438 Vergilii
620 1393 767 1438 ingenio

795 670 978 715 significat
1001 674 1064 703 aut
1086 670 1290 704 Aeneidem
1311 674 1375 703 aut
1397 673 1502 715 gesta

794 727 920 760 regum
957 715 1200 759 Albanorum,
1241 726 1333 759 quae
1372 719 1503 759 coepta

795 761 914 795 omisit
929 762 1146 794 nominum
1162 760 1412 806 asperitate
1430 762 1502 794 de-

795 805 1005 840 territus.⁷

838 852 899 884 Ad
916 850 1112 895 pastoricia
1129 851 1289 885 carmina
1311 850 1503 885 scribenda

794 896 955 930 Polionis
989 896 1204 930 auctoritate
1234 907 1271 930 se
1306 896 1502 931 accessisse

796 941 978 986 Vergilius
1008 942 1088 975 buc.
1107 941 1200 976 VIII
1222 943 1264 976 11
1288 953 1340 986 sq.
1364 941 1502 987 signifi-

795 986 901 1030 cavit,
925 987 1056 1031 quibus
1078 987 1125 1020 ab
1144 997 1186 1021 eo
1202 987 1341 1031 petivit,
1363 991 1404 1020 ut
1426 998 1502 1021 car-

794 1033 892 1066 mina
913 1031 1028 1076 ipsius
1050 1032 1156 1065 iussis
1186 1036 1317 1077 coepta
1344 1032 1501 1078 benigne

795 1077 985 1122 acciperet.
1011 1080 1049 1110 at
1071 1077 1169 1111 idem
1192 1077 1245 1112 VI
1268 1078 1290 1111 5
1315 1089 1336 1111 a
1351 1077 1502 1112 Phoebo

795 1133 832 1156 se
864 1122 1039 1156 monitum
1071 1133 1150 1156 esse
1183 1123 1287 1166 dicit,
1320 1127 1504 1167 pastorem

795 1168 990 1202 deductum
1013 1178 1157 1202 carmen
1181 1167 1300 1202 dicere
1315 1172 1501 1212 oportere.

795 1213 918 1256 itaque
957 1224 1038 1247 cum
1081 1216 1191 1257 poeta
1223 1217 1259 1247 et
1296 1213 1435 1259 ingenii
1467 1217 1504 1248 et

795 1259 993 1292 studiorum
1026 1259 1165 1292 ratione
1199 1259 1327 1292 habita
1367 1270 1432 1293 sua
1464 1270 1502 1293 se

795 1307 922 1348 sponte
955 1304 1002 1337 ad
1034 1304 1236 1338 bucolicum
1272 1315 1386 1349 genus
1419 1315 1500 1338 con-

794 1349 972 1393 vertisset,
995 1349 1155 1383 Polionis
1172 1349 1325 1383 maxime
1345 1349 1502 1383 consiliis

796 1399 830 1428 et
846 1394 1052 1440 praeceptis
1065 1395 1208 1429 videtur
1224 1395 1393 1429 effectum
1411 1406 1501 1436 esse,

63 1439 222 1473 alienum
238 1450 316 1473 esse
330 1438 504 1472 dicunt12.
530 1439 651 1472 Aetna
669 1438 768 1472 cuius
794 1443 834 1473 ut
861 1443 1002 1474 teneret
1028 1440 1232 1473 institutum
1256 1443 1292 1474 et
1314 1440 1503 1475 Theocriti

63 1484 220 1518 auctoris
237 1488 331 1518 esset
344 1484 416 1517 suis
428 1483 651 1528 temporibus
666 1483 767 1517 dubi·
794 1496 916 1519 versus
930 1485 1065 1530 primus
1079 1485 1187 1518 Latio
1202 1485 1417 1520 ostenderet.
1437 1486 1502 1520 sed

62 1533 178 1563 tatum
200 1540 278 1563 esse
304 1529 415 1563 refert
438 1528 646 1569 Suetonius,
675 1540 769 1562 nunc

61 1573 218 1618 Lucilio,
228 1573 387 1609 Senecae
401 1574 528 1615 amieo,
542 1573 652 1608 tribui
665 1574 766 1608 solet.

65 1618 177 1665 Copa,
203 1631 310 1664 quam
332 1631 424 1653 unus
443 1619 587 1654 Servius
604 1619 768 1664 Vergilio

63 1665 274 1710 adscripsit,
311 1665 350 1698 in
387 1675 469 1699 eum
511 1665 659 1705 librum,
699 1676 769 1708 quo

63 1710 204 1744 minora
220 1721 312 1755 quae
329 1713 460 1755 poetae
478 1721 556 1744 esse
573 1710 768 1744 credeban-

795 1531 841 1564 ad
865 1531 1006 1565 edenda
1028 1530 1194 1564 bucolica
1221 1534 1415 1574 antequam
1437 1542 1500 1576 ag-

795 1576 1018 1621 grederetur,
1031 1576 1213 1610 hominem
1230 1576 1503 1610 accuratissima

797 1621 987 1666 diligentia
1044 1621 1225 1666 insignem
1281 1621 1502 1656 Graecorum

797 1666 969 1711 exemplis
1012 1666 1197 1700 imitandis
1242 1667 1364 1701 stilum
1403 1678 1501 1701 exer-

796 1711 912 1746 cuisse
942 1711 1100 1756 artisque
1130 1712 1329 1756 specimina
1355 1712 1502 1747 idoneo-

63 1758 122 1790 tur
138 1756 298 1790 carmina
319 1755 578 1800 comprehensa
599 1759 693 1797 sunt,
715 1766 768 1789 re-
795 1769 874 1791 rum
917 1756 1078 1791 iudicum
1118 1757 1375 1799 existimationi
1419 1758 1501 1792 sub-

64 1804 172 1845 cepta
185 1805 249 1834 est.
267 1801 304 1834 in
318 1801 446 1835 eodem
458 1800 640 1835 invenitur
652 1800 768 1834 More-

63 1849 151 1888 tum,
175 1847 271 1890 quod
289 1846 453 1891 Vergilio
469 1857 540 1880 non
557 1850 677 1891 potest
700 1846 770 1879 alio

64 1891 270 1926 testimonio
286 1891 463 1925 vindicari
471 1892 511 1927 13.

108 1936 262 1982 Epicum
274 1947 430 1980 carmen,
439 1947 509 1981 quo
521 1947 579 1971 res
586 1936 769 1970 Romanae

65 1985 306 2025 narrarentur,
335 1993 357 2016 a
379 1981 543 2027 Vergilio
564 1982 694 2016 iuvene
717 1981 769 2015 in-

67 2027 234 2061 choatum
266 2038 344 2061 esse
375 2027 462 2061 boni
493 2031 657 2061 auctores
690 2038 769 2072 pro—

68 2071 245 2115 diderunt,
264 2071 455 2106 Suetonius
473 2075 520 2117 (p.
536 2073 591 2113 58,
605 2072 650 2106 20
662 2072 719 2114 R.)
737 2076 771 2106 et

67 2115 281 2151 Danielinus
303 2117 481 2162 interpres
504 2118 551 2151 ad
567 2118 648 2151 buc.
668 2117 720 2152 VI
738 2118 768 2152 5.

68 2171 113 2196 ac
132 2161 272 2197 videtur
293 2162 456 2208 profecto
478 2166 600 2197 sextae
624 2163 771 2208 eclogae

118 2265 136 2290 9
154 2264 191 2289 cf.
205 2264 419 2298 catal.V(VII)‚
435 2265 770 2300 Sew.buc.Y1‘lgen3.

68 2297 144 2323 Aen.
156 2299 198 2324 VI
209 2299 268 2324 264.

103 2333 135 2357 10
153 2332 190 2357 ef.
203 2333 332 2358 Macrob.
346 2333 443 2361 Sat.V
455 2335 480 2365 2,
495 2334 539 2360 15.

102 2367 134 2391 11
152 2366 261 2390 Parum
290 2374 407 2393 severos
437 2376 540 2394 versus
573 2375 604 2393 se
635 2368 770 2393 iuvenem

69 2399 173 2425 fecisse
186 2400 333 2431 Vergilius
350 2403 413 2433 ipse
431 2402 540 2428 fatetur
560 2402 646 2427 catal.
659 2401 772 2435 V(V11)

67 2434 178 2459 11—14.
204 2434 239 2459 ef.
253 2434 344 2460 Plinii
357 2436 442 2467 epist.
454 2437 480 2463 V
493 2437 517 2468 3,
532 2438 557 2461 6.

103 2468 135 2492 12
154 2467 212 2497 Qui
231 2467 362 2494 Culicem
381 2471 497 2501 scripsit
512 2470 647 2495 Aeneida
665 2469 773 2502 legisse

67 2501 194 2526 videtur.
215 2501 251 2526 cf.
268 2501 331 2526 Cul.
350 2503 398 2528 332
419 2506 447 2529 et
465 2504 540 2529 Aen.
559 2505 600 2529 XI
617 2505 681 2536 263,
709 2504 772 2530 Cul.

68 2535 119 2560 355
132 2537 160 2560 et
173 2536 247 2560 Aen.
260 2535 302 2560 XI
314 2537 373 2562 260.

101 2570 134 2594 13
153 2569 198 2595 De
212 2569 256 2594 his
270 2570 450 2596 carminibus
463 2573 494 2596 in
506 2574 610 2603 quarta
618 2573 772 2598 Teuffelia-

68 2609 126 2627 nae
155 2603 321 2628 litterarum
345 2604 518 2630 Latinarum
547 2607 688 2632 historiae
714 2607 773 2631 edi-

796 1802 922 1837 iecisse
944 1802 1134 1846 probabile
1157 1806 1220 1836 est.
1246 1803 1293 1836 ad
1318 1814 1361 1837 ea
1383 1804 1503 1837 studia

797 1848 893 1882 haud
932 1848 1006 1881 scio
1050 1859 1097 1881 an
1139 1852 1237 1882 recte
1275 1848 1502 1882 Ribbeckius

796 1903 912 1927 nonae
945 1893 1094 1938 eclogae
1132 1904 1256 1927 versus
1288 1894 1435 1928 22—25
1467 1897 1504 1928 et

797 1938 930 1972 39—43
942 1939 1132 1972 rettulerit.
1150 1938 1249 1983 ipsas
1261 1938 1343 1973 illas
1357 1940 1504 1981 eclogas

797 1994 889 2028 quae
906 1983 1014 2017 hodie
1032 1987 1223 2028 supersunt
1239 1985 1417 2018 Asconius
1433 1982 1503 2018 Pe-

798 2030 925 2062 dianus
943 2040 964 2062 a
982 2028 1101 2063 Probo
1118 2029 1286 2063 laudatus
1299 2030 1505 2075 Vergilium

797 2074 964 2108 XXVIII
993 2085 1104 2108 annos
1138 2078 1280 2116 natum,
1313 2075 1336 2108 i.
1362 2087 1392 2110 e.
1422 2079 1505 2120 post

797 2119 883 2153 Idus
892 2118 1067 2153 Octobres
1078 2120 1163 2153 anni
1174 2120 1298 2162 7120'42
1309 2121 1415 2155 edere
1426 2131 1504 2154 coe-

798 2164 893 2210 pisse
914 2165 1115 2200 testatur14.
1143 2166 1240 2209 quod
1260 2166 1506 2200 testimonium

833 2268 865 2293 14
883 2268 920 2293 cf.
938 2267 1052 2293 Probus
1072 2275 1099 2300 p.
1116 2269 1139 2301 7,
1153 2269 1168 2294 6
1181 2269 1217 2293 Κ.
1237 2266 1308 2295 ‘nec
1327 2269 1506 2301 mirandum,

799 2302 876 2333 quod
895 2302 974 2327 infra
986 2309 1017 2327 se
1031 2309 1133 2327 senem
1147 2303 1228 2333 dicit,
1250 2311 1317 2328 cum
1337 2306 1450 2328 certum
1470 2305 1508 2328 sit

800 2343 881 2367 eum,
900 2338 933 2361 ut
945 2336 1091 2361 Asconius
1103 2337 1252 2362 Pedianus
1266 2338 1347 2368 dicit,
1368 2337 1506 2363 XXVIII'

799 2370 853 2401 (sic
867 2371 1055 2395 Monacensis
1074 2378 1188 2402 quoque
1203 2378 1220 2396 a
1232 2379 1280 2397 me
1298 2372 1426 2403 primum
1441 2379 1508 2396 con-

799 2403 886 2436 latus)
908 2403 1016 2429 ‘annos
1036 2407 1139 2429 natum
1158 2405 1300 2430 Bucolica
1320 2413 1335 2430 e
1343 2406 1360 2429 d
1369 2406 1378 2429 i
1387 2406 1404 2430 d
1413 2405 1422 2430 i
1431 2413 1443 2430 s
1452 2413 1464 2430 s
1472 2405 1507 2430 e.'

800 2438 875 2462 nihil
893 2438 1013 2463 invenio
1028 2446 1080 2463 cur
1093 2439 1224 2464 Asconio
1238 2439 1386 2470 appellato
1405 2439 1510 2464 fallere

799 2472 928 2497 voluisse
943 2473 1058 2497 dicatur
1070 2473 1231 2504 interpres:
1245 2480 1422 2504 quamquam
1435 2473 1510 2497 illud

800 2513 903 2537 parum
919 2509 1055 2532 accurate
1070 2507 1140 2531 feeit
1153 2507 1231 2538 quod
1244 2508 1405 2532 Asconium
1423 2509 1510 2532 testa-

800 2543 860 2564 tum
875 2547 938 2565 esse
952 2541 1036 2572 dixit,
1057 2541 1186 2566 edidisse
1203 2548 1237 2566 ea
1256 2543 1352 2566 aetate
1374 2541 1512 2566 bucolica

801 2574 980 2606 Vergilinm;
994 2581 1063 2599 nam
1075 2574 1122 2599 edi
1136 2578 1242 2606 coepta
1255 2582 1318 2600 esse
1333 2582 1367 2600 ea
1379 2575 1512 2600 carmina

801 2609 950 2639 accepisse
969 2608 1095 2633 videtur.
1121 2609 1199 2639 quod
1218 2609 1250 2633 in
1263 2609 1326 2634 vita
1337 2609 1428 2633 Probi
1440 2609 1512 2639 legi-

68 2637 151 2661 tione
169 2644 197 2668 p.
216 2638 351 2663 464—470
367 2639 538 2670 plenissime
557 2643 587 2666 et
610 2641 774 2666 rectissime
800 2644 848 2666 tur
872 2641 910 2673 (p.
930 2644 960 2671 1,
981 2641 1025 2672 12)
1051 2641 1227 2674 ‘scripsit
1252 2643 1394 2667 Bucolica.
1418 2649 1512 2667 annos

70 2669 249 2703 disputatum
265 2673 318 2698 est.

799 2678 886 2701 natus
899 2676 970 2703 VIII
982 2678 1012 2702 et
1024 2676 1091 2702 XX’
1113 2676 1150 2702 ad
1170 2676 1306 2703 Servium
1325 2676 1513 2702 referendum
