1660 2847
570 136 824 173 AENEIDOS
846 137 943 172 LIB.
967 137 1032 174 IV.

126 240 154 291 i,
178 256 352 296 sequere
376 241 555 290 Italiam,
581 241 714 283 ventis
739 248 834 296 pete
858 256 988 296 regna
1012 256 1087 296 per
1110 241 1257 282 undas.

127 319 247 359 spero
272 304 464 358 equidem
488 303 648 353 mediis,
675 304 813 357 siquid
836 303 906 358 pia
929 304 1101 344 numina
1125 309 1312 358 possunt,

127 366 330 421 supplicia
354 366 582 407 hausurum
607 366 786 420 scopulis
813 372 854 406 et
876 365 1043 406 nomine
1068 365 1183 406 Dido

127 442 251 482 saepe
276 435 532 469 vocaturum.
580 442 731 481 sequar
755 427 852 468 atris
878 427 1046 482 ignibus
1072 427 1236 476 absens,

127 496 180 538 et,
206 504 300 530 cum
324 489 477 544 frigida
501 503 611 530 mors
637 490 774 531 anima
799 489 1011 531 seduxerit
1035 496 1162 538 artus,

127 552 318 592 omnibus
343 552 492 592 umbra
515 551 616 593 locis
642 551 780 593 adero.
830 551 961 601 dabis,
987 551 1173 606 inprobe,
1199 566 1370 606 poenas.

127 614 295 655 audiam
320 622 360 655 et
384 614 486 655 haec
512 613 644 654 manis
670 614 808 655 veniet
832 613 933 654 mihi
957 613 1070 655 fama
1095 613 1172 654 sub
1198 614 1329 655 imos.’

125 675 188 717 his
213 676 395 718 medium
421 676 540 717 dictis
567 691 800 717 sermonem
825 676 1036 731 abrumpit
1061 682 1102 718 et
1126 691 1248 717 auras

126 753 251 793 aegra
276 738 385 793 fugit
408 753 535 791 seque
562 753 613 779 ex
638 738 768 779 oculis
794 738 944 779 avertit
968 746 1009 779 et
1033 738 1181 787 aufert,

123 800 315 853 linquens
340 801 470 841 multa
494 808 607 842 metu
633 807 896 842 cunctantem
922 807 963 842 et
986 800 1118 841 multa
1144 807 1360 854 parantem

125 862 273 904 dicere.
322 862 553 917 suscipiunt
575 862 757 904 famulae
784 863 1063 917 conlapsaque
1087 862 1275 903 membra

124 939 354 966 marmoreo
378 925 565 966 referunt
589 925 770 966 thalamo
795 926 1016 978 stratisque
1041 931 1260 979 reponunt.

179 988 241 1027 At
264 987 358 1042 pius
382 987 564 1035 Aeneas,
590 1001 845 1040 quamquam
869 987 998 1028 lenire
1023 987 1230 1028 dolentem

124 1049 295 1090 solando
321 1049 432 1104 cupit
457 1056 497 1090 et
522 1049 640 1090 dictis
667 1056 852 1090 avertere
878 1064 1010 1097 curaS‚

123 1112 254 1152 multa
277 1126 448 1166 gemens
473 1125 710 1166 magnoque
736 1111 921 1152 animum
945 1111 1176 1153 labefactus
1202 1126 1356 1161 amore,

122 1173 236 1215 iussa
258 1181 397 1214 tamen
423 1173 565 1214 divum
591 1173 810 1226 exequitur
835 1174 1092 1227 classemque
1118 1173 1274 1214 revisit.

123 1242 210 1276 tum
237 1250 334 1277 vero
359 1235 512 1277 Teucri
536 1235 785 1277 incumbunt
809 1242 851 1277 et
873 1236 993 1277 litore
1018 1236 1150 1277 celsas

125 1297 337 1339 deducunt
362 1305 447 1339 toto
473 1298 604 1339 navis.
653 1304 770 1339 natat
793 1306 920 1340 uncta
944 1298 1097 1347 carina,

123 1359 436 1414 frondentisque
462 1360 602 1401 ferunt
625 1375 760 1401 remos
786 1367 827 1402 et
850 1360 1000 1402 robora
1024 1360 1136 1402 silvis

123 1422 370 1464 infabricata
394 1423 520 1477 fugae
546 1422 696 1463 studio.

123 1484 341 1541 migrantis
367 1499 509 1526 cernas
535 1491 704 1538 totaque
730 1499 781 1526 ex
805 1485 908 1525 urbe
933 1485 1104 1534 ruentis,

123 1562 173 1589 ac
196 1548 311 1589 velut
332 1547 545 1603 ingentem
570 1548 768 1589 formicae
793 1548 914 1588 farris
940 1562 1134 1589 acervum

123 1625 218 1651 cum
243 1611 445 1666 populant
468 1610 615 1652 hiemis
639 1625 843 1652 memores
869 1618 1061 1664 tectoque
1086 1618 1311 1665 reponunt3

122 1673 154 1714 it
177 1673 343 1729 nigrum
369 1674 526 1728 campis
553 1689 703 1728 agmen
729 1674 1012 1729 praedamque
1038 1689 1111 1728 per
1136 1674 1286 1714 herbas

124 1742 371 1777 convectant
394 1736 496 1777 calle
523 1743 713 1791 angusto,
739 1751 836 1791 pars
861 1736 1038 1790 grandia
1062 1736 1235 1776 trudunt

124 1798 301 1839 obnixae
326 1798 537 1839 frumenta
560 1799 727 1847 umeris,
752 1814 847 1853 pars
874 1799 1042 1853 agmina
1067 1806 1224 1852 cogunt

124 1860 410 1915 castigantque
435 1875 585 1910 moras,
611 1875 736 1915 opere
761 1861 894 1902 omnis
920 1861 1065 1902 semita
1089 1860 1236 1901 fervet.

125 1923 215 1977 quis
240 1923 314 1963 tibi
339 1931 441 1972 tum,
468 1923 595 1973 Dido,
623 1924 806 1965 cernenti
831 1923 930 1964 talia
955 1923 1118 1965 sensus!

124 2000 280 2039 quosve
306 1986 434 2026 dabas
459 1986 653 2041 gemitus,
680 2001 774 2027 cum
799 1987 920 2027 litora
945 1987 1106 2027 fervere
1131 1986 1214 2027 late

124 2048 379 2102 prospiceres
405 2063 497 2089 arce
523 2064 574 2089 ex
599 2064 761 2089 summa
787 2056 1003 2101 totumque
1028 2048 1190 2090 videres

124 2111 288 2151 misceri
312 2118 406 2152 ante
432 2111 572 2151 oculos
598 2111 722 2151 tantis
748 2112 997 2152 clamoribus
1023 2110 1196 2164 aequor!

123 2173 310 2227 improbe
335 2174 482 2221 Amor,
508 2173 608 2226 quid
634 2188 716 2214 non
740 2174 928 2214 mortalia
953 2180 1121 2228 pectora
1146 2173 1279 2227 cogis!

124 2235 183 2276 ire
206 2235 354 2275 iterum
378 2236 420 2275 in
444 2235 649 2283 lacrimas,
674 2236 824 2277 iterum
849 2244 1050 2290 temptare
1075 2236 1283 2290 precando

125 2298 287 2353 cogitur
312 2304 352 2338 et
376 2298 551 2352 supplex
578 2298 735 2339 animos
762 2298 1003 2339 submittere
1029 2299 1171 2347 amori,

123 2360 279 2413 nequid
303 2359 564 2414 inexpertum
589 2361 743 2401 frustra
767 2361 967 2401 moritura
990 2361 1208 2414 relinquat.

182 2422 340 2471 ‘Anna,
367 2422 481 2464 vides
506 2430 590 2464 toto
616 2424 826 2478 properari
850 2424 968 2464 litore
994 2423 1168 2472 circum3

124 2484 309 2537 undique
333 2498 575 2534 convenere,
602 2493 722 2526 vocat
746 2486 828 2526 iam
854 2486 1050 2527 carbasus
1077 2500 1212 2535 auras,

124 2547 336 2601 puppibus
361 2553 401 2587 et
424 2547 520 2588 laeti
545 2555 697 2589 nautae
721 2549 941 2602 inposuere
968 2563 1154 2589 coronas.

124 2609 235 2650 huno
260 2623 337 2664 ego
363 2609 396 2650 si
420 2610 536 2664 potui
560 2617 722 2651 tantum
748 2626 914 2665 sperare
940 2610 1136 2660 dolorem,

1391 127 1471 170 159

1498 502 1562 534 385

1499 812 1564 843 390

1499 1123 1562 1154 395

1497 1435 1563 1466 400

1496 1747 1561 1778 405

1496 2061 1562 2091 410

1497 2373 1560 2403 415
