1660 2847
137 513 178 545 55

136 823 179 855 60

136 1136 177 1167 65

136 1449 177 1480 70

135 1762 176 1792 '75

133 2072 177 2104 80

203 141 287 185 236
620 152 663 187 Ρ.
683 151 894 188 VERGILI
918 152 1144 193 MARONIS

207 256 397 297 Arcades
423 256 486 297 his
512 256 606 304 oris,
631 271 763 311 genus
787 271 812 297 a
836 256 1029 298 Pallante
1053 256 1299 312 profectum,

205 318 276 370 qui
302 333 443 372 regem
469 318 715 359 Euandrum
741 319 926 368 comites,
951 319 1022 372 qui
1046 319 1165 374 signa
1190 320 1334 370 secuti,

205 380 397 435 delegere
421 382 558 422 locum
585 388 625 422 et
649 395 824 437 posuere
849 381 892 422 in
916 382 1126 423 montibus
1151 383 1297 424 urbem

203 441 406 483 Pallantis
432 443 577 498 proavi
602 443 653 484 de
677 443 844 485 nomine
867 443 1144 485 Pallanteum.

204 503 247 545 hi
272 504 427 546 bellum
452 505 627 546 adsidue
652 505 810 547 ducunt
835 520 930 547 cum
955 513 1080 560 gente
1104 506 1277 556 Latina3

202 566 278 607 hos
304 567 448 608 castris
473 566 625 608 adhibe
651 568 783 609 socios
809 574 850 609 et
875 568 1044 609 foedera
1067 568 1206 623 iunge.

201 628 291 683 ipse
317 643 395 683 ego
421 635 461 671 te
485 629 584 684 ripis
610 637 651 671 et
674 637 786 672 recto
811 629 980 671 flumine
1006 630 1170 680 ducam,

204 690 425 732 adversum
449 691 573 732 remis
600 707 770 746 superes
796 692 1020 734 subvectus
1045 699 1092 734 ut
1114 707 1291 734 amnem.

204 767 328 807 surge
354 768 446 807 age,
471 760 567 795 nate
593 754 683 803 dea,
709 754 936 809 primisque
960 754 1204 796 cadentibus
1229 754 1348 795 astris

202 814 354 855 Iunoni
379 815 441 856 fer
465 815 541 857 rite
566 831 708 870 preces
733 816 920 870 iramque
944 817 1161 870 minasque

203 877 461 931 supplicibus
486 893 637 933 supera
661 879 781 920 votis.
830 879 929 919 mihi
956 879 1085 920 victor
1109 878 1309 920 honorem

203 940 428 994 persolves.
479 954 557 995 ego
583 956 688 990 sum,
714 941 838 996 pleno
863 955 989 994 quem
1013 941 1184 982 flumine
1209 940 1342 982 cernis

203 1001 474 1057 stringentem
499 1003 609 1056 ripas
636 1010 676 1044 et
699 1003 872 1057 pinguia
897 1003 1009 1044 culta
1033 1010 1254 1051 secantem,

203 1064 418 1105 caeruleus
443 1064 638 1119 Thybris,
665 1065 780 1106 caelo
804 1065 1066 1120 gratissimus
1090 1065 1235 1106 amnis.

202 1125 269 1167 hic
293 1126 395 1167 mihi
420 1142 573 1182 magna
598 1127 760 1176 domus,
787 1128 906 1168 celsis
931 1135 1058 1182 caput
1081 1127 1255 1168 urbibus
1281 1127 1391 1169 exit?

259 1188 393 1238 Dixit,
420 1188 569 1230 deinde
594 1190 687 1230 lacu
712 1189 864 1230 fluvius
890 1205 934 1231 se
959 1189 1144 1230 condidit.
1168 1190 1264 1238 alto,

202 1250 286 1291 ima
309 1258 472 1306 petens3
498 1266 581 1292 nox
607 1252 783 1292 Aenean
809 1266 1062 1305 somnusque
1090 1251 1267 1305 reliquit.

202 1313 334 1367 surgit
359 1320 399 1355 et
423 1313 596 1355 aetherii
622 1320 815 1368 spectans
841 1314 1014 1355 orientia
1039 1314 1135 1354 solis

201 1375 360 1416 lumina
383 1375 460 1417 rite
485 1376 595 1417 cavis
620 1376 776 1416 undam
802 1375 853 1417 de
878 1376 1046 1417 flumine
1072 1376 1220 1431 palmis

201 1437 375 1479 sustinet
399 1452 447 1479 ac
471 1438 564 1479 talis
590 1438 764 1479 effundit
790 1438 842 1479 ad
868 1439 1035 1479 aethera
1059 1452 1201 1479 voces:

203 1500 444 1555 ‘nymphae,
470 1500 704 1542 Laurentes
723 1500 947 1555 nymphae,
973 1515 1106 1555 genus
1127 1501 1319 1541 amnibus
1339 1500 1449 1542 unde
1474 1507 1548 1549 est,

201 1569 343 1616 tuque,
370 1577 394 1603 o
418 1563 579 1617 Thybri
605 1570 676 1604 tuo
702 1564 865 1617 genitor
889 1578 984 1605 cum
1011 1563 1179 1604 flumine
1205 1570 1361 1612 saneto,

202 1625 375 1680 accipite
400 1625 577 1666 Aenean
603 1632 644 1666 et
667 1626 834 1667 tandem
859 1633 994 1666 arcete
1020 1625 1194 1680 periclis.

202 1702 284 1740 quo
310 1694 350 1728 te
375 1702 553 1741 cumque
579 1688 695 1729 lacus
720 1688 985 1729 miserantem
1009 1687 1273 1728 incommoda
1296 1694 1436 1728 nostra

201 1750 316 1790 fonte
341 1757 465 1798 tenet,
491 1764 754 1804 quocumque
780 1750 867 1792 solo
893 1750 1194 1805 pulcherrimus
1221 1750 1322 1799 exis,

201 1827 366 1867 semper
391 1812 546 1854 honore
572 1828 676 1861 meo,
703 1828 866 1867 semper
891 1813 1153 1854 celebrabere
1178 1812 1310 1860 donis,

202 1875 392 1929 corniger
415 1875 680 1929 hesperidum
706 1875 856 1916 fluvius
882 1882 1076 1929 regnator
1101 1889 1316 1928 aquarum.

201 1937 312 1978 adsis
337 1952 361 1978 o
387 1944 546 1978 tantum
573 1944 613 1978 et
638 1937 807 1992 propius
834 1944 904 1978 tua
928 1938 1099 1978 numina
1123 1937 1287 1978 firmes?

202 2000 260 2041 sic
284 2007 498 2049 memorat,
525 2000 795 2054 geminasque
820 2000 922 2054 legit
945 2000 996 2041 de
1021 2000 1152 2041 classe
1176 1999 1344 2041 biremis

200 2062 458 2117 remigioque
484 2069 612 2117 aptat,
639 2062 771 2103 socios
797 2062 919 2103 simul
944 2063 1110 2103 instruit
1133 2062 1270 2103 armis.

258 2125 370 2166 Ecce
395 2132 533 2166 autem
558 2124 743 2165 subitum
769 2131 894 2178 atque
925 2125 1055 2166 oculis
1085 2124 1271 2165 mirabile
1301 2131 1544 2174 monstrum,

203 2187 380 2229 candida
405 2202 477 2242 per
502 2187 647 2228 silvam
673 2201 768 2228 cum
794 2187 881 2228 fetu
908 2187 1101 2228 concolor
1125 2187 1220 2227 albo

202 2250 425 2305 procubuit
449 2249 653 2303 viridique
678 2249 720 2290 in
744 2249 863 2290 litore
889 2250 1140 2305 conspicitur
1164 2264 1246 2290 sus.

201 2327 326 2366 quam
353 2313 444 2366 pius
471 2313 639 2353 Aeneas
664 2312 738 2353 tibi
764 2312 887 2361 enim,
913 2312 1001 2361 tibi,
1027 2312 1209 2352 maxima
1233 2311 1354 2361 Iuno,

203 2382 357 2416 mactat
381 2389 498 2415 sacra
522 2374 660 2416 ferens
685 2381 726 2416 et
749 2388 845 2415 cum
869 2389 998 2429 grege
1023 2374 1129 2415 sistit
1153 2374 1207 2415 ad
1231 2389 1358 2415 aram.

202 2437 384 2491 Thybris
410 2452 459 2477 ca
482 2437 669 2486 fluvium,
693 2451 819 2490 quam
844 2438 969 2492 longa
993 2444 1068 2487 est,
1092 2443 1213 2479 nocte
1238 2443 1467 2479 tumentem

203 2500 321 2541 leniit
346 2506 385 2540 et
410 2499 533 2540 tacita
558 2500 735 2541 refluens
760 2499 819 2540 ita
843 2499 1024 2540 substitit
1050 2500 1175 2548 unda,

204 2562 312 2603 mitis
337 2568 383 2602 ut
407 2562 448 2602 in
474 2577 629 2603 morem
655 2562 791 2617 stagni
816 2562 1086 2616 placidaeque
1112 2562 1273 2617 paludis

206 2631 407 2666 sterneret
431 2639 587 2679 aequor
612 2625 743 2679 aquis,
770 2639 883 2666 remo
909 2632 955 2665 ut
977 2625 1184 2667 luctamen
1211 2626 1386 2668 abesset.
1409 2662 1413 2667 .
