1622 2847
607 125 811 163 ECLOGA
833 127 900 163 IV.

88 231 312 288 permixtos
335 231 481 274 heroas
506 236 547 272 et
570 230 658 285 ipse
682 231 890 273 videbitur
913 231 993 273 illis

88 302 366 350 pacatumque
389 299 506 349 reget
530 293 674 348 patriis
699 293 922 334 virtutibus
948 294 1105 336 orbem.

88 365 131 398 at
154 357 229 398 tibi
251 357 397 412 prima,
422 369 539 410 puer,
563 355 678 397 nullo
702 356 950 397 munuscula
975 357 1091 398 cultu

89 419 261 461 errantis
286 418 461 460 hederas
484 418 642 473 passim
667 433 762 459 cum
787 418 961 460 baccare
986 419 1107 460 tellus

88 481 298 535 mixtaque
322 480 472 522 ridenti
496 480 700 522 colocasia
723 480 870 522 fundet
895 481 1084 522 acantho.

87 544 202 599 ipsae
225 543 332 586 lacte
358 542 526 584 domum
550 543 733 584 referent
757 543 936 584 distenta
960 543 1143 598 capellae

86 606 216 647 ubera
241 620 319 647 nec
341 620 515 660 magnos
539 612 724 647 metuent
750 613 937 647 armenta
960 606 1115 648 leones.

86 668 176 723 ipsa
199 667 275 709 tibi
297 667 474 709 blandos
498 667 675 709 fundent
701 668 909 709 cunabula
933 668 1068 710 flores.

87 729 246 771 occidet
270 737 310 771 et
334 745 517 785 serpens,
543 738 584 771 et
608 730 736 772 fallax
761 730 891 771 herba
915 730 1065 772 veneni

86 792 264 842 occidet3
289 793 516 847 Assyrium
540 793 663 848 volgo
688 800 881 834 nascetur
905 807 1130 834 amomum.

86 861 127 895 at
151 854 275 895 simul
299 854 474 896 heroum
498 854 642 896 laudes
668 862 709 896 et
733 855 844 896 facta
868 855 1052 910 parentis

83 916 168 957 iam
192 917 332 972 legere
357 924 397 958 et
421 931 529 971 quae
554 917 606 958 sit
635 918 787 972 poteris
814 932 1066 973 cognoscere
1092 917 1236 967 virtus,

83 979 198 1020 molli
222 979 420 1034 paulatim
446 980 641 1021 flavescet
667 994 838 1034 campus
865 980 991 1021 arista

83 1040 332 1095 incultisque
359 1041 513 1082 rubens
538 1041 736 1096 pendebit
762 1041 948 1083 sentibus
973 1056 1056 1082 uva

85 1110 125 1145 et
149 1103 276 1145 durae
301 1117 477 1157 quercus
503 1103 712 1144 sudabunt
736 1104 899 1145 roscida
923 1104 1060 1144 mella.

82 1179 217 1222 pauca
240 1172 380 1207 tamen
405 1165 605 1207 suberunt
629 1166 789 1220 priscae
815 1166 992 1220 vestigia
1016 1165 1190 1214 fraudis,

83 1241 190 1281 quae
214 1234 417 1283 temptare
441 1228 609 1269 Thetim
632 1229 805 1277 ratibus,
831 1243 938 1282 quae
963 1228 1130 1283 cingere
1155 1228 1285 1269 muris

83 1289 249 1345 oppida,
274 1304 382 1344 quae
407 1291 579 1332 iubeant
602 1290 738 1332 telluri
765 1291 965 1332 infindere
989 1291 1139 1332 sulcos.

83 1353 187 1395 alter
212 1353 288 1395 erit
313 1360 403 1394 tum
427 1353 588 1408 Tiphys
614 1361 654 1394 et
679 1354 807 1395 altera
832 1367 939 1407 quae
964 1353 1088 1395 vehat
1112 1354 1233 1408 Argo

83 1416 262 1458 delectos
288 1415 449 1465 heroas,
475 1423 595 1457 erunt
619 1416 744 1457 etiam
768 1416 898 1457 altera
922 1416 1033 1457 bella

82 1485 207 1532 atque
230 1478 381 1520 iterum
406 1478 460 1519 ad
483 1478 653 1519 Troiam
679 1493 857 1533 magnus
882 1478 1068 1520 mittetur
1092 1478 1295 1521 Achilles.

81 1540 178 1582 hinc
201 1540 274 1582 ubi
297 1541 380 1582 iam
404 1541 566 1582 firmata
590 1541 725 1582 virum
749 1549 790 1582 te
813 1541 958 1582 fecerit
982 1549 1109 1590 aetas,

82 1603 201 1645 cedet
226 1610 266 1645 et
289 1603 379 1658 ipse
402 1603 507 1644 mari
532 1610 686 1651 vector,
712 1618 789 1645 nec
812 1603 980 1645 nautica
1003 1603 1127 1658 pinus

80 1665 258 1706 mutabit
282 1680 454 1714 merces,
480 1665 613 1706 omnis
638 1665 743 1707 feret
769 1666 908 1707 omnia
932 1666 1068 1707 tellus.

80 1742 165 1768 non
188 1734 342 1768 rastros
367 1727 547 1782 patietur
571 1727 737 1777 humus,
762 1742 846 1769 non
870 1728 992 1770 vinea
1016 1728 1167 1770 falcem
1176 1745 1187 1778 3

81 1790 275 1831 robustus
301 1804 468 1843 quoque
491 1790 575 1831 iam
600 1790 728 1831 tauris
752 1791 853 1846 iuga
879 1792 1012 1832 solvet
1037 1798 1192 1841 arator3

80 1867 158 1894 nec
182 1852 316 1894 varios
341 1852 471 1894 discet
495 1853 658 1894 mentiri
682 1854 779 1895 lana
803 1854 974 1903 colores,

80 1915 170 1970 ipse
195 1915 269 1957 sed
292 1915 334 1956 in
359 1915 487 1971 pratis
514 1916 618 1957 aries
643 1916 726 1957 iam
751 1931 879 1958 suave
903 1916 1070 1958 rubenti

81 1977 250 2026 murice,
275 1977 358 2019 iam
383 1992 527 2019 croceo
552 1978 731 2020 mutabit
755 1979 910 2020 vellera
933 1979 1041 2028 luto3

82 2046 229 2095 sponte
254 2054 330 2081 sua
354 2040 516 2095 sandyx
540 2041 747 2095 pascentis
772 2041 919 2082 vestiet
946 2055 1090 2096 agnos.

83 2102 199 2143 ‘talia
222 2102 377 2144 saecIa'
403 2103 487 2144 suis
513 2103 706 2144 dixerunt
731 2103 921 2145 ‘currite'
947 2103 1052 2144 fusis

83 2165 307 2207 concordes
333 2165 472 2207 stabili
495 2165 676 2207 fatorum
700 2166 869 2208 numine
894 2180 1057 2221 parcae.

83 2227 311 2282 adgredere
335 2242 360 2268 o
384 2243 558 2282 magnos
583 2228 733 2281 (aderit
755 2229 839 2269 iam
864 2229 1045 2284 tempus)
1071 2227 1261 2279 honores,

84 2305 180 2332 cara
204 2290 328 2332 deum
353 2291 532 2340 suboles,
557 2306 759 2346 magnum
783 2292 896 2333 Iovis
920 2292 1243 2334 incrementum!

84 2352 224 2407 aspice
248 2366 433 2394 convexo
458 2361 673 2394 nutantem
698 2354 881 2409 pondere
906 2354 1110 2395 mundum

83 2422 296 2468 terrasque
321 2422 559 2469 tractusque
583 2416 708 2457 maris
734 2417 980 2471 caelumque
1005 2417 1278 2472 profundum3

84 2477 237 2531 aspice,
262 2485 436 2518 venturo
460 2479 668 2520 laetantur
692 2486 738 2520 ut
762 2479 902 2520 omnia
926 2480 1076 2521 saeclo.

85 2553 109 2579 o
134 2538 235 2579 mihi
259 2545 348 2579 tum
371 2539 522 2595 longae
546 2549 712 2582 maneat
736 2556 832 2596 pars
856 2541 1003 2582 ultima
1026 2542 1149 2591 vitae,

86 2600 254 2656 spiritus
279 2608 332 2650 et,
359 2610 560 2656 quantum
585 2612 648 2645 sat
673 2603 749 2646 erit
772 2611 844 2645 tua
870 2604 1005 2646 dicere
1030 2604 1159 2646 facta:

1380 118 1431 160 11

1461 490 1503 520 20

1460 1113 1502 1143 30

1458 1425 1499 1456 35

1456 1739 1499 1769 40

1455 2051 1497 2081 45

1458 2363 1500 2393 50
