1628 2847
140 358 180 388 20

139 669 179 700 25

137 984 179 1014 30

136 1296 177 1326 35

136 1603 179 1633 40

136 1915 178 1945 45

138 2230 180 2260 50

139 2543 180 2573 55

207 169 293 214 382,
749 179 1011 218 MORETVM.

261 283 365 325 Inde
390 284 477 325 abit
500 283 744 338 adsistitque
768 285 902 326 molae
927 301 1140 342 parvaque
1165 288 1332 339 tabella,

204 361 331 400 quam
355 347 481 387 fixam
506 347 641 401 paries
667 347 758 388 illos
785 348 979 389 servabat
1002 348 1045 389 in
1070 365 1184 400 usus,

204 409 361 450 lumina
384 409 468 449 fida
491 408 613 450 locat.
661 409 850 463 geminos
876 416 965 451 tum
990 418 1104 453 veste
1128 412 1306 456 lacertos

204 471 352 512 liberat
376 478 417 512 et
442 470 600 511 cinctus
627 471 797 513 villosae
822 472 1005 527 tegmine
1031 487 1181 529 caprae

204 533 431 588 pracverrit
456 533 591 574 cauda
615 533 749 576 silices
775 534 1065 588 gremiumque
1091 537 1309 581 molarum.

204 596 382 637 advocat
406 595 502 636 inde
528 611 675 636 manus
701 596 828 651 operi,
854 597 1031 651 partitus
1056 599 1285 653 utrimque:

204 659 324 699 laeva
347 657 588 706 ministerio,
613 658 760 699 dextra
784 666 845 700 est
868 659 1027 701 intenta
1051 661 1196 710 labori,

204 721 308 762 haec
332 727 440 761 rotat
464 721 687 763 adsiduum
711 722 826 776 gyris
852 729 894 764 et
917 723 1096 764 concitat
1121 724 1265 765 orbem

204 784 344 835 (tunsa
370 782 500 824 Ceres
526 783 687 825 silicum
712 784 857 838 rapido
882 785 1064 827 decurrit
1088 786 1140 827 ab
1164 786 1280 838 ictu),

203 845 413 887 interdum
437 845 572 887 fessae
598 847 785 888 succedit
808 847 928 888 laeva
953 848 1082 889 sorori

203 909 461 962 alternatque
487 909 611 950 vices.
660 909 784 949 modo
809 910 964 951 rustica
988 910 1172 952 carmina
1196 917 1337 954 cant-at

203 970 443 1027 agrestique
469 985 592 1012 suum
617 970 773 1012 solatur
798 986 899 1014 voce
924 972 1123 1022 laborem,

201 1033 412 1075 interdum
436 1033 587 1074 clamat
613 1032 838 1088 Scybalen.
887 1041 975 1076 erat
999 1035 1122 1076 unica
1147 1042 1298 1086 custos,

203 1096 312 1137 Afra
336 1111 483 1150 genus,
510 1102 596 1136 tota
620 1097 796 1150 patriani
822 1103 999 1139 testante
1025 1098 1172 1152 figura,

202 1165 310 1200 torta
334 1173 496 1199 comam
520 1158 721 1212 labroque
747 1166 911 1200 tumens
937 1167 977 1202 et
1001 1160 1119 1202 fusca
1144 1161 1296 1210 colore,

202 1227 369 1277 pectore
394 1221 490 1269 lata,
516 1221 655 1262 iacens
680 1222 885 1271 mammis,
911 1223 1187 1277 compressior
1212 1224 1318 1271 alvo,

203 1283 393 1326 cruribus
419 1283 550 1332 exilis,
576 1283 758 1338 spatiosa
783 1284 959 1339 prodiga
984 1285 1138 1339 planta.

204 1345 432 1402 [continuis
457 1346 571 1387 rimis
597 1347 793 1388 calcanea
817 1347 945 1388 scissa
970 1346 1192 1402 rigebant.]

204 1410 311 1450 hanc
336 1415 458 1449 vocat
482 1415 607 1462 atque
632 1408 736 1449 focis
762 1424 905 1450 arsura
930 1410 1128 1464 inponere
1156 1411 1270 1465 ligna

201 1471 378 1525 imperat
404 1477 444 1511 et
468 1470 635 1511 flamma
660 1471 820 1525 gelidos
846 1471 1012 1512 adolere
1037 1471 1233 1524 liquores.

256 1532 489 1586 Postquam
516 1532 688 1587 inplevit
713 1548 817 1587 opus
843 1533 997 1574 iustum
1026 1534 1216 1575 versatile
1242 1534 1380 1584 finem,

204 1590 398 1631 transfert
422 1589 519 1631 inde
544 1605 672 1630 manu
698 1596 812 1630 tusas
839 1590 880 1630 in
907 1590 1043 1631 cribra
1067 1591 1222 1632 farinas

203 1661 245 1694 et
268 1652 415 1706 quatit,
441 1667 490 1693 ac
514 1659 730 1693 remanent
757 1667 919 1693 summo
944 1653 1192 1707 purgamina
1218 1653 1353 1703 dorso,

205 1715 385 1757 subsidit
408 1714 570 1756 sincera
595 1715 955 1769 foraminibusque
980 1715 1162 1769 liquatur

204 1776 429 1820 emundata
455 1775 597 1818 Ceres.
646 1777 726 1819 levi
752 1784 840 1818 tum
864 1777 1051 1832 protinus
1077 1778 1189 1818 illam

204 1839 416 1895 componit
440 1839 595 1889 tabula,
622 1840 782 1894 tepidas
809 1855 933 1895 super
956 1840 1108 1895 ingerit
1133 1840 1280 1890 undas,

203 1902 411 1945 contrahit
435 1901 642 1943 admixtos
667 1909 757 1943 tum
781 1901 918 1944 fontes
944 1910 1067 1956 atque
1093 1902 1262 1952 farinas,

203 1972 457 2007 transversat
482 1965 630 2006 durata
653 1980 780 2006 manu
805 1965 1047 2019 liquidoque
1073 1972 1216 2006 coacto

202 2027 413 2070 interdum
436 2042 607 2082 grumos
633 2027 793 2082 spargit
817 2028 916 2074 sale,
943 2027 1110 2081 iamque
1136 2027 1360 2069 subactum

202 2092 314 2133 levat
337 2105 441 2145 opus
467 2090 700 2145 palmisque
726 2105 848 2131 suum
874 2090 1019 2131 dilatat
1042 2090 1084 2131 in
1109 2091 1252 2131 orbem

204 2161 244 2197 et
269 2160 386 2194 notat
410 2153 607 2208 inpressis
632 2167 766 2206 aequo
793 2152 1029 2194 discrimine
1055 2152 1238 2206 quadris.

204 2217 328 2258 infert
352 2216 448 2257 inde
474 2216 567 2257 foco
592 2215 792 2271 (Scybale
817 2216 1094 2256 mundaverat
1119 2223 1261 2270 aptum

204 2287 299 2321 ante
323 2279 478 2329 locum)
504 2278 702 2332 testisque
728 2278 844 2333 tegit,
872 2293 996 2333 super
1021 2285 1194 2332 aggerat
1219 2277 1351 2333 ignes.

205 2343 388 2395 dumque
413 2356 508 2383 suas
534 2341 696 2396 peragit
720 2341 936 2383 Vulcanus
963 2342 1176 2393 Vestaque
1201 2347 1353 2395 partes,

207 2404 392 2459 Simylus
417 2404 574 2446 interea
598 2419 732 2445 vacua
757 2418 838 2444 non
865 2409 1001 2444 cessat
1025 2402 1067 2443 in
1093 2402 1207 2452 hora,

205 2483 350 2509 verum
375 2468 499 2508 aliam
524 2467 601 2508 sibi
627 2467 787 2521 quaerit
812 2481 946 2521 opem,
972 2480 1054 2506 neu
1079 2465 1168 2506 sola
1192 2465 1332 2520 palato

206 2531 260 2572 sit
283 2545 365 2571 non
392 2537 510 2585 grata
536 2530 676 2578 Ceres,
702 2544 806 2583 quas
830 2529 976 2583 iungat
1002 2534 1213 2582 comparat
1239 2542 1368 2569 escas.

204 2607 288 2634 non
313 2593 371 2634 illi
397 2608 598 2647 suspensa
622 2592 762 2633 focum
789 2590 975 2633 carnaria
998 2590 1130 2639 iuxta,

207 2656 342 2698 durati
367 2656 451 2697 sale
477 2664 595 2712 terga
619 2655 704 2697 suis
729 2654 962 2708 truncique,
988 2652 1206 2701 vacabant,
