1622 2847
553 134 804 171 AENEIDOS
828 135 923 170 LIB.
948 135 998 169 Π.

103 239 318 293 quaerenti
342 245 384 282 et
405 239 523 281 tectis
548 239 663 280 urbis
690 239 778 281 sine
801 239 882 280 fine
905 238 1060 281 furenti

102 302 245 344 infelix
271 302 537 344 simulacrum
561 308 686 355 atque
710 301 840 356 ipsius
865 301 1014 342 umbra
1039 299 1226 343 Creusae

102 364 192 404 visa
218 364 318 404 mihi
343 370 438 405 ante
463 364 605 404 oculos
630 370 672 404 et
694 370 792 404 nota
817 363 948 403 maior
971 363 1123 417 imago.

102 426 297 481 obstipui,
325 433 609 479 steteruntque
634 439 777 466 comae
802 431 843 465 et
867 439 948 465 vox
973 425 1165 467 faucibus
1190 425 1335 467 haesit.

101 493 190 529 tum
214 489 273 530 sic
297 488 429 528 adfari
455 495 495 529 et
519 502 638 529 curas
663 487 726 528 his
752 487 917 528 demere
943 486 1081 528 dictis:

102 550 222 603 ‘quid
246 556 407 591 tantum
432 551 578 591 insano
601 550 717 590 iuvat
741 549 958 604 indulgere
984 549 1128 598 dolori,

100 626 125 652 o
150 612 281 653 dulcis
307 613 511 654 coniunx?
535 627 619 653 non
643 612 746 653 haec
772 612 860 653 sine
885 612 1053 652 numine
1080 612 1223 652 divum

101 675 315 723 eveniunt3
341 689 417 716 nec
442 682 482 716 te
507 675 701 716 comitem
725 674 821 714 hinc
845 681 1009 728 portare
1036 672 1240 715 Creusam

98 735 163 776 fas
187 744 259 777 aut.
282 737 350 778 ille
376 737 474 778 sinit
498 736 637 792 superi
661 743 856 791 regnator
882 734 1069 790 Olympi.

99 799 226 853 longa
249 800 324 840 tibi
350 800 488 849 exilia,
515 807 556 841 et
579 806 744 840 vastum
768 798 893 839 maris
920 813 1074 852 aequor
1099 799 1320 840 arandum:

98 867 139 902 et
162 868 313 902 terram
337 861 586 917 Hesperiam
611 861 766 910 venies,
791 861 863 902 ubi
887 860 1051 915 Lydius
1077 876 1177 902 arva

97 922 203 965 inter
227 924 366 978 opima
389 924 525 965 virum
548 924 631 965 leni
654 923 746 964 fluit
770 922 935 978 agmine
961 922 1164 977 Thybris:

96 985 180 1027 illic
204 1001 268 1027 res
292 987 424 1028 laetae
449 1000 708 1042 regnumque
734 993 774 1026 et
797 985 914 1040 regia
938 985 1120 1026 coniunx

96 1054 215 1102 parta
238 1048 325 1089 tibi.
373 1049 564 1090 lacrimas
589 1048 764 1089 dilectae
788 1049 895 1102 pelle
921 1046 1125 1088 Creusae:

95 1125 181 1151 non
205 1125 282 1166 ego
306 1111 622 1165 Myrmidonum
648 1110 767 1151 sedes
791 1109 1059 1164 Dolopumve
1085 1110 1286 1165 superbas

96 1173 292 1228 aspiciam
318 1180 390 1214 aut
415 1172 540 1214 Grais
565 1173 764 1214 servitum
789 1173 991 1213 matribus
1015 1172 1099 1222 ibo,

94 1235 305 1276 Dardanis
331 1242 372 1277 et
396 1236 516 1276 divae
541 1235 718 1277 Veneris
742 1249 892 1284 nurus3

96 1298 169 1339 sed
194 1313 259 1339 me
283 1313 437 1354 magna
462 1298 588 1339 deum
612 1297 803 1352 genetrix
829 1297 892 1337 his
918 1296 1074 1339 detinet
1098 1297 1192 1338 oris.

93 1360 258 1414 iamque
283 1361 375 1401 vale
401 1368 441 1402 et.
464 1360 550 1401 nati
575 1375 695 1401 serva
720 1359 950 1401 communis
976 1360 1184 1401 amorem.’

93 1422 197 1464 haec
221 1423 293 1463 ubi
318 1423 427 1464 dicta
450 1423 576 1472 dedit,
600 1423 886 1464 lacrimantem
911 1430 952 1464 et
975 1423 1107 1463 multa
1132 1422 1339 1464 volentem

95 1485 230 1526 dicere
255 1485 437 1526 deseruit
461 1485 680 1538 tenuisque
705 1485 875 1526 recessit
899 1485 942 1525 in
966 1499 1101 1526 auras.

97 1546 176 1602 [ter
200 1556 371 1589 conatus
395 1547 453 1588 ibi
477 1548 582 1588 collo
608 1547 706 1589 dare
731 1547 927 1588 bracchia
951 1547 1120 1595 circum,

93 1616 155 1650 ter
177 1609 332 1651 frustra
355 1624 599 1664 comprensa
622 1624 770 1650 manus
796 1609 943 1664 effugit
966 1610 1119 1665 imago,

91 1687 168 1726 par
190 1672 352 1713 levibus
377 1672 509 1713 ventis
534 1672 776 1726 volucrique
801 1672 1009 1713 simillima
1033 1670 1211 1727 somno.]

93 1734 152 1776 sic
176 1734 343 1776 demum
368 1735 500 1776 socios
525 1741 771 1789 consumpta
794 1742 914 1776 nocte
939 1734 1089 1776 reviso.

147 1798 291 1850 Atque
316 1797 383 1838 hic
406 1798 619 1852 ingentem
643 1798 843 1838 comitum
867 1797 1092 1839 adfluxisse
1117 1811 1322 1839 novorum

92 1859 259 1900 invenio
285 1859 495 1900 admirans
520 1874 754 1909 numerum,
779 1867 1015 1914 matresque
1039 1860 1248 1914 virosque,

93 1921 308 1962 collectam
332 1921 454 1962 exilio
479 1921 648 1976 pubem,
674 1922 910 1964 miserabile
935 1922 1099 1977 vulguS.

91 1984 275 2037 undique
300 1998 543 2033 convenere,
569 1984 716 2024 animis
741 1984 973 2039 opibusque
998 1984 1145 2039 parati,

91 2046 134 2086 in
159 2061 443 2100 quascumque
467 2045 592 2087 velim
616 2046 767 2101 pelago
792 2046 998 2088 deducere
1023 2053 1166 2088 terras.

91 2108 258 2162 iamque
281 2108 390 2163 iugis
415 2122 601 2149 summae
627 2107 824 2162 surgebat
848 2107 1021 2149 Lucifer
1044 2106 1146 2150 Idae

92 2171 353 2223 ducebatque
378 2170 501 2219 diem,
525 2169 750 2223 Danaique
775 2170 945 2211 obsessa
969 2170 1168 2211 tenebant

90 2232 235 2273 limina
257 2239 482 2286 portarum,
506 2246 584 2273 nec
608 2246 702 2285 spes
728 2231 817 2285 opis
842 2232 927 2272 ulla
951 2232 1147 2273 dabatur:

93 2294 198 2337 cessi
222 2301 263 2336 et
286 2294 448 2336 sublato
472 2301 632 2335 montes
657 2294 845 2349 genitore
869 2293 1011 2349 petivi.

164 2669 294 2701 mer'lt'us
309 2670 350 2695 ed.
365 2669 399 2695 Ἠι
404 2670 449 2696 ilo.
1196 2669 1218 2704 9

1369 126 1450 168 129

1476 498 1537 528 775

1474 811 1538 843 780

1472 1123 1534 1154 785

1470 1433 1533 1465 790

1467 1746 1530 1777 795

1465 2058 1530 2089 800
