1622 2847
131 474 195 504 575

130 1098 194 1129 585

132 1410 197 1441 590

134 1724 198 1754 595

137 2036 201 2068 600

139 2345 202 2376 605

225 166 306 208 104
640 176 682 210 Ρ.
702 175 912 212 VERGILI
937 177 1160 213 MARONIS

221 279 345 320 vultis
371 286 413 321 et
441 278 504 321 his
529 293 691 321 mecum
718 280 871 335 pariter
895 280 1109 323 considere
1134 282 1287 337 regnis,

220 341 367 382 urbem
392 356 518 395 quam
543 349 680 383 statuo
705 350 843 383 vestra
868 349 947 392 est-3
975 343 1193 386 subducite
1218 359 1366 394 naves;

220 403 327 444 Tros
351 404 589 458 Tyriusque
614 404 715 445 mihi
739 405 853 445 nullo
878 405 1113 447 discrimine
1138 414 1297 461 agetur.

221 472 346 519 atque
371 466 530 506 utinam
555 481 628 507 rex
652 466 740 521 ipse
765 474 863 507 noto
890 469 1127 521 compulsus
1153 469 1299 509 eodem

221 528 383 568 adforet
406 527 594 569 Aeneas!
621 529 815 582 equidem
840 543 914 584 per
938 529 1057 570 litora
1082 538 1215 571 certos

220 589 425 630 dimittam
451 597 493 631 et
516 590 682 645 Libyae
706 591 882 632 lustrare
908 598 1092 633 extrema
1115 593 1282 642 iubebo,

220 652 254 692 si
279 652 430 704 quibus
456 652 610 693 eiectus
635 652 749 693 silvis
775 660 848 693 aut
870 653 1044 694 urbibus
1071 655 1204 695 errat.’

277 714 356 755 His
383 714 569 755 animum
593 715 741 756 arrecti
766 715 885 756 dictis
912 722 953 756 et
975 716 1092 757 fortis
1118 717 1304 758 Achates

221 783 262 818 et
284 783 402 831 pater
426 777 596 818 Aeneas
620 777 865 818 iamdudum
893 792 1109 833 erumpere
1133 779 1290 820 nubem

220 838 434 879 ardebant.
482 839 595 894 prior
618 840 796 880 Aenean
822 840 1042 894 compellat
1066 841 1271 882 Achates:

220 905 334 941 ‘nate
359 900 450 950 dea,
476 915 582 955 quae
608 916 719 942 nunc
744 902 882 943 animo
909 902 1111 943 sententia
1135 903 1292 957 surgit?

219 963 359 1004 omnia
382 970 472 1004 tuta
495 963 625 1011 vides,
651 964 824 1005 classem
851 964 1066 1018 sociosque
1090 972 1291 1019 receptos.

219 1041 328 1066 unus
354 1025 483 1074 abest,
508 1026 645 1066 medio
675 1026 718 1066 in
742 1026 872 1066 fluctu
897 1040 1021 1080 quem
1046 1026 1224 1068 vidimus
1249 1026 1329 1081 ipsi

221 1088 504 1137 submersum3
531 1088 650 1129 dictis
675 1089 930 1142 respondent
953 1095 1091 1129 cetera
1115 1089 1283 1130 matris.'

220 1150 290 1191 vix
317 1165 366 1191 ea
389 1150 500 1191 fatus
526 1157 626 1199 erat,
653 1164 747 1191 cum
775 1150 1027 1192 circumfusa
1050 1159 1220 1206 repente

221 1212 372 1254 scindit
397 1227 440 1253 se
464 1212 597 1254 nubes
623 1219 664 1253 et
686 1213 729 1253 in
755 1213 925 1254 aethera
949 1220 1103 1268 purgat
1127 1219 1328 1268 apertum.

220 1274 370 1316 restitit
393 1274 562 1315 Aeneas
588 1275 782 1328 claraque
807 1275 849 1315 in
873 1275 966 1316 luce
990 1275 1164 1324 refulsit,

221 1351 266 1378 os
291 1351 540 1390 umerosque
565 1337 642 1378 deo
668 1337 830 1377 similis:
855 1351 1035 1390 namque
1059 1338 1150 1392 ipsa
1174 1337 1366 1380 decoram

222 1399 448 1441 caesariem
472 1405 570 1440 nato
595 1400 785 1454 genetrix
808 1400 1032 1453 lumenque
1056 1400 1249 1442 iuventae

221 1476 479 1517 purpureum
503 1468 545 1503 et
567 1461 697 1503 laetos
723 1461 852 1503 oculis
879 1462 1053 1502 adflarat
1077 1462 1271 1511 honores3

223 1525 344 1578 quale
369 1539 517 1565 manus
543 1524 702 1565 addunt
728 1524 841 1565 ebori
867 1524 1007 1573 decus,
1034 1531 1106 1566 aut
1128 1525 1201 1566 ubi
1225 1525 1333 1566 flavo

226 1594 447 1642 argentum
471 1586 675 1628 Pariusve
698 1586 802 1641 lapis
828 1586 1107 1628 circumdatur
1131 1602 1245 1628 auro.

223 1656 311 1690 tum
336 1649 395 1690 sic
419 1649 607 1704 reginam
633 1649 870 1702 adloquitur
895 1649 1137 1702 cunctisque
1161 1657 1329 1704 repente

222 1711 458 1766 inprovisus
483 1711 557 1752 ait:
585 1715 757 1760 ‘coram‚
784 1726 908 1765 quem
933 1712 1143 1765 quaeritis,
1171 1711 1315 1752 adsum

223 1774 376 1815 Troius
401 1775 584 1822 Aeneas,
609 1774 783 1828 Libycis
809 1781 974 1828 ereptus
999 1774 1052 1814 ab
1076 1774 1212 1815 undis.

224 1852 248 1878 o
273 1837 361 1877 sola
384 1836 577 1877 infandos
602 1837 753 1877 Troiae
778 1837 971 1878 miserata
994 1837 1171 1886 labores,

225 1914 333 1953 quae
363 1914 452 1948 nos,
477 1899 685 1953 relliquias
711 1899 921 1947 Danaum,
947 1906 1163 1953 terraeque
1188 1899 1396 1952 marisque

225 1961 418 2003 omnibus
444 1961 666 2003 exhaustos
690 1961 772 2002 iam
798 1961 976 2010 casibus,
1002 1962 1186 2003 omnium
1211 1975 1379 2017 egenos,

225 2025 343 2073 urbe,
368 2024 491 2065 domo
517 2023 662 2073 socias,
687 2031 826 2079 grates
851 2025 1085 2078 persolvere
1111 2024 1258 2077 dignas

225 2101 309 2128 non
334 2087 423 2142 opis
450 2093 512 2128 est
534 2094 713 2135 nostrae,
741 2086 869 2136 Dido,
894 2101 971 2128 nec
995 2086 1198 2140 quidquid
1222 2086 1377 2139 ubique
1402 2092 1466 2127 est

227 2149 362 2205 gentis
387 2149 643 2197 Dardaniae,
668 2164 868 2204 magnum
893 2163 1001 2203 quae
1026 2164 1169 2204 sparsa
1192 2163 1265 2203 per
1289 2148 1445 2189 orbem.

228 2212 269 2253 di
293 2211 381 2260 tibi,
407 2212 528 2265 siqua
550 2211 640 2266 pios
665 2218 901 2266 respectant
923 2212 1107 2260 numina,
1133 2211 1270 2264 siquid

227 2288 404 2327 usquam
429 2273 586 2314 iustitia
609 2280 669 2314 est
695 2280 733 2314 et
759 2288 876 2314 mens
902 2273 979 2314 sibi
1004 2272 1168 2313 conscia
1192 2272 1305 2321 recti,

227 2336 413 2391 praemia
437 2335 565 2390 digna
588 2335 733 2376 ferant.
783 2350 890 2389 quae
916 2343 955 2377 te
980 2342 1064 2376 tam
1089 2335 1197 2376 laeta
1222 2335 1405 2375 tulerunt

229 2399 419 2440 saecula?
445 2398 517 2452 qui
541 2398 643 2439 tanti
669 2398 794 2439 talem
819 2413 1000 2453 genuere
1025 2398 1242 2452 parentes?

228 2462 270 2502 in
295 2461 400 2502 freta
425 2461 524 2502 dum
549 2461 665 2502 fluvii
690 2468 869 2511 current,
895 2462 995 2502 dum
1018 2460 1230 2501 montibus
1254 2459 1426 2501 umbrae

228 2524 466 2566 lustrabunt
489 2538 688 2572 convexa,
714 2525 834 2579 polus
859 2524 959 2564 dum
984 2523 1119 2564 sidera
1143 2529 1297 2578 pascet,

230 2600 393 2641 semper
417 2585 548 2627 honos
572 2600 809 2640 nomenque
834 2594 951 2627 tuum
976 2585 1204 2638 laudesque
1229 2584 1469 2633 manebunt,

141 2659 206 2691 610
230 2663 337 2703 quae
362 2663 429 2689 me
454 2663 632 2703 cumque
657 2656 808 2690 vocant
832 2649 991 2690 terrae.'
1039 2648 1097 2689 sic
1122 2648 1232 2689 fatus
1257 2646 1438 2688 amicum
