1622 2847
58 318 121 348 265

57 628 122 659 270

57 940 121 970 275

58 1561 120 1591 285

60 2185 123 2217 295

61 2494 126 2525 300

151 131 231 174 116
564 141 605 177 Ρ.
627 141 836 179 VERGILI
861 143 1085 181 MARONIS

147 251 189 287 et
211 245 432 287 Menelaus
458 252 497 288 et
521 246 609 301 ipse
635 247 718 288 doli
748 247 972 289 fabricator
995 248 1148 304 Epeos.

146 307 349 348 invadunt
373 308 520 349 urbem
545 323 690 350 somno
716 310 895 364 vinoque
920 312 1136 366 sepultam,

148 371 377 412 caeduntur
400 371 561 425 vigiles,
588 372 801 426 portisque
826 373 1062 427 patentibus
1088 389 1229 415 omnes

148 433 356 487 accipiunt¹
381 433 513 474 socios
539 440 663 487 atque
688 435 857 488 agmina
882 436 1047 477 conscia
1070 437 1260 491 iungunt.

203 495 389 550 Tempus
415 502 515 544 erat,
541 510 623 549 quo
648 497 782 551 prima
807 497 923 550 quies
948 498 1190 540 mortalibus
1216 498 1352 553 aegris

146 557 288 612 incipit
316 564 355 597 et.
380 557 488 598 dono
514 557 656 598 divum
681 559 914 613 gratissima
938 561 1076 615 serpit.

146 619 188 660 in
213 619 366 660 somnis
393 634 488 660 eece
513 627 608 661 ante
633 621 774 661 oculos
799 622 1097 663 maestissimus
1122 623 1281 664 Hector

146 681 258 722 visus
284 681 429 722 adesse
453 681 554 721 mihi
579 682 801 737 largosque
827 683 1040 725 effundere
1065 685 1200 734 fletus,

146 750 332 798 raptatus
357 743 479 798 bigis,
505 750 549 784 ut
576 744 799 797 quondam,
827 751 997 799 aterque
1022 753 1191 788 cruento

147 806 318 860 pulvere
343 819 500 860 perque
525 806 651 860 pedes
677 807 870 848 traiectus
895 808 984 849 lora
1007 809 1215 850 tumentis.

147 868 183 908 ei
207 867 321 917 mihi,
348 868 482 921 qualis
508 876 608 917 erat,
634 876 835 921 quantum
861 878 1042 911 mutatus
1068 872 1120 911 ab
1145 871 1215 912 illo

146 931 342 978 Hectore,
368 930 439 983 qui
463 930 569 971 redit
594 931 765 971 exuvias
790 931 959 972 indutus
986 933 1141 974 Achilli

148 992 214 1033 vel
239 992 437 1032 Danaum
462 992 672 1046 Phrygios
697 993 899 1034 iaculatus
925 994 1134 1048 puppibus
1160 993 1286 1048 ignis!

147 1055 405 1107 squalentem
430 1054 605 1094 barbam
630 1061 669 1095 et
696 1062 908 1096 concretos
934 1056 1137 1110 sanguine
1163 1056 1286 1097 crinis

147 1117 404 1169 vulneraque
428 1116 498 1156 illa
523 1131 685 1170 gerenS,
711 1132 818 1170 quae
844 1117 998 1158 circum
1023 1118 1201 1172 plurima
1226 1133 1365 1159 muros

146 1178 305 1233 accepit
329 1178 495 1232 patrios.
553 1178 659 1218 ultro
684 1178 786 1219 flens
811 1179 901 1233 ipse
926 1179 1098 1220 videbar

148 1240 398 1294 compellare
422 1240 558 1280 virum
583 1246 624 1280 et
648 1247 827 1281 maestas
854 1256 1096 1296 expromere
1121 1256 1262 1284 voees:

147 1306 190 1342 ‘o
214 1302 287 1342 lux
311 1301 567 1350 Dardaniae,
593 1317 686 1357 spes
712 1317 736 1343 o
765 1302 965 1344 fidissima
988 1303 1212 1353 Teucrum,

146 1379 254 1417 quae
280 1370 419 1405 tantae
445 1371 614 1406 tenuere
639 1366 803 1406 morae?
828 1365 980 1419 quibus
1006 1366 1165 1408 Hector
1190 1367 1242 1407 ab
1267 1366 1349 1408 oris

147 1432 362 1480 expectate
388 1426 527 1466 venis?
552 1433 598 1466 ut
621 1433 661 1467 te
686 1434 780 1481 post
804 1427 936 1468 multa
960 1434 1126 1468 tuorum

147 1488 307 1536 funera,
332 1495 426 1543 post
449 1488 585 1529 varios
611 1488 909 1543 hominumque
935 1490 1132 1544 urbisque
1157 1491 1319 1532 labores

148 1550 301 1591 defessi
326 1550 567 1604 aspicimus!
594 1564 700 1604 quae
726 1566 851 1592 causa
875 1552 1046 1607 indigna
1070 1567 1236 1594 serenos

146 1613 329 1653 foedavit
355 1613 519 1654 vultus?
545 1619 617 1654 aut
647 1627 721 1654 eur
745 1613 848 1655 haec
873 1614 1045 1656 vulnera
1069 1615 1234 1656 cerno?

147 1675 216 1716 ille
240 1674 356 1723 nihil,
382 1689 459 1716 nec
484 1690 550 1716 me
575 1683 844 1728 quaerentem
871 1691 977 1717 vana
1001 1684 1196 1726 moratur,

149 1737 222 1778 sed
246 1737 429 1792 graviter
454 1737 633 1792 gemitus
658 1738 741 1778 imo
767 1738 819 1779 de
844 1745 1010 1793 pectore
1035 1739 1191 1780 ducens

149 1799 250 1840 ‘heu
275 1799 389 1854 fuge,
414 1806 511 1840 nate
537 1799 627 1849 dea,
652 1806 774 1853 teque
800 1800 881 1841 his'
907 1801 965 1841 ait
989 1801 1120 1856 ‘eripe
1145 1801 1336 1842 fiammis.

147 1861 276 1902 hostis
302 1861 427 1903 habet
451 1876 605 1910 muros,
630 1862 711 1902 ruit
736 1862 819 1903 alta
844 1878 868 1903 a
892 1863 1071 1904 culmine
1095 1864 1234 1904 Troia.

150 1931 212 1965 sat
236 1924 394 1978 patriae
418 1924 670 1977 Priamoque
697 1924 858 1965 datum:
886 1925 919 1966 si
943 1926 1152 1980 Pergama
1176 1926 1322 1967 dextra

149 1985 319 2027 defendi
343 1993 524 2041 possent,
551 1987 675 2027 etiam
700 1986 778 2028 hac
803 1987 973 2028 defensa
997 1988 1184 2029 fuissent.

149 2063 266 2090 sacra
290 2062 470 2101 suosque
495 2048 568 2089 tibi
595 2049 858 2090 commendat
882 2050 1009 2090 Troia
1033 2051 1213 2105 penatis:

148 2111 224 2152 hos
248 2125 350 2165 cape
374 2110 555 2152 fatorum
581 2112 763 2161 comites,
790 2112 853 2153 his
879 2112 1042 2154 moenia
1065 2126 1231 2166 quaere,

148 2188 304 2228 magna
328 2180 537 2228 pererrato
564 2180 719 2215 statues
744 2188 851 2227 quae
877 2174 1054 2229 denique
1079 2175 1231 2230 pont0.'

150 2236 208 2277 sie
233 2236 301 2285 ait,
328 2243 369 2276 et
392 2236 584 2277 manibus
610 2236 732 2277 vittas
758 2237 1015 2291 Vestamque
1039 2244 1249 2292 potentem

150 2305 448 2351 aeternumque
474 2298 608 2352 adytis
635 2299 756 2339 effert
779 2300 1060 2353 penetralibus
1084 2300 1235 2355 ignem.

206 2360 387 2401 Diverso
412 2361 570 2402 interea
594 2361 819 2402 miscentur
844 2362 1007 2403 moenia
1030 2362 1158 2411 luctu,

151 2429 192 2464 et
216 2423 349 2477 magis
376 2430 500 2476 atque
525 2423 673 2477 magis,
699 2438 954 2478 quamquam
978 2431 1135 2466 secreta
1158 2425 1339 2479 parentis

153 2484 364 2525 Anchisae
390 2484 537 2525 domus
564 2485 865 2539 arboribusque
891 2486 1054 2528 obtecta
1078 2487 1260 2537 recessit,

150 2546 381 2588 clarescunt
406 2547 564 2588 sonitus
590 2562 882 2601 armorumque
907 2548 1063 2604 ingruit
1087 2548 1241 2591 horror.

150 2609 336 2651 excutior
362 2623 506 2649 somno
533 2616 571 2650 et
600 2610 750 2650 summi
776 2610 943 2666 fastigia
968 2610 1062 2653 teeti
