1622 2847
530 161 782 198 AENEIDOS
806 161 901 196 LIB.
927 161 976 196 II.

78 265 260 307 intonuit
281 267 447 308 laevum
472 272 514 307 et
538 265 589 307 de
614 266 727 307 caelo
752 266 870 320 lapsa
893 280 967 320 per
991 265 1160 307 umbras

79 329 197 370 stella
220 329 355 370 facem
381 328 536 370 ducens
560 328 692 369 multa
717 342 813 369 cum
836 328 929 368 luce
956 327 1149 369 cucurrit.

78 390 204 440 illam,
230 406 391 431 summa
416 405 541 445 super
564 390 773 431 labentem
799 389 980 430 culmina
1004 389 1116 439 tecti,

79 453 284 494 cernimus
307 452 436 493 Idaea
461 453 614 493 claram
640 467 684 493 se
710 452 888 493 condere
915 451 1019 492 silva

80 514 396 569 signantemque
420 514 527 563 vias3
553 521 641 555 tum
665 515 792 568 longo
817 513 947 554 limite
972 514 1113 555 sulcus

80 576 151 617 dat
173 577 309 618 lucem
333 583 375 618 et
398 577 480 618 late
504 577 661 618 circum
685 576 778 617 loca
802 576 971 630 sulpure
997 576 1174 617 fumant.

78 637 146 679 hic
169 653 267 680 vero
293 638 425 679 victus
451 639 614 694 genitor
640 653 682 679 se
708 637 814 678 tollit
839 637 893 678 ad
918 653 1040 679 auras

79 700 326 754 adfaturque
351 701 450 742 deos
475 708 516 742 et
540 707 728 742 sanctum
753 699 866 740 sidus
892 700 1048 740 adorat.

1349 153 1427 194 127

80 761 182 802 ‘iam
207 762 290 803 iam
313 763 427 803 nulla
452 777 568 803 mora
593 769 673 811 est;
701 776 850 815 sequor
875 769 914 802 et
939 776 1022 815 qua
1047 761 1195 803 ducitis
1221 761 1387 804 adsum:

80 823 122 864 di
148 824 283 879 patrii,
310 832 469 866 servate
495 825 678 873 domum,
705 831 866 865 servate
890 830 1097 879 nepotem.

77 893 262 927 vestrum
286 886 365 927 hoc
389 886 611 942 augurium
636 893 856 940 vestroque
880 885 924 927 in
948 886 1118 927 numine
1143 886 1270 928 Troia
1295 894 1374 928 est:

78 948 180 990 cedo
206 949 398 1002 equidem
423 964 514 998 nec,
540 956 650 998 nate,
676 949 750 989 tibi
776 963 914 990 comes
938 948 997 991 ire
1022 949 1195 990 recuso)

78 1011 238 1052 dixerat
260 1011 342 1061 ille,
368 1018 409 1053 et
431 1012 514 1052 iam
538 1026 613 1066 per
636 1011 801 1052 moenia
826 1011 972 1052 clarior
996 1011 1106 1066 ignis

78 1073 244 1114 auditur
267 1074 519 1128 propiusque
545 1080 683 1115 aestus
708 1073 900 1115 incendia
924 1073 1110 1114 volvunt.

78 1140 196 1190 ‘ergo
222 1151 314 1191 age,
340 1151 433 1177 care
458 1143 587 1191 pater,
614 1136 764 1177 cervici
788 1136 986 1191 inponere
1011 1143 1194 1185 nostrae3

77 1197 166 1253 ipse
191 1198 340 1239 subibo
364 1198 518 1240 umeris
542 1213 619 1240 nec
643 1213 709 1240 me
733 1199 852 1240 labor
876 1198 952 1239 iste
978 1198 1183 1253 gravabit.

77 1274 159 1314 quo
184 1275 249 1302 res
275 1275 452 1314 cumque
478 1261 639 1310 cadent,
665 1276 795 1301 unum
823 1268 863 1302 et
887 1275 1107 1301 commune
1133 1261 1347 1315 periclum,

77 1338 161 1364 una
187 1323 298 1364 salus
324 1323 529 1364 ambobus
555 1323 644 1365 erit.
693 1323 794 1364 mihi
818 1338 972 1378 parvus
996 1323 1114 1364 Iulus

78 1385 131 1426 sit
156 1400 294 1427 comes
321 1393 362 1427 et
385 1386 510 1441 longe
535 1394 672 1427 servet
696 1386 873 1440 vestigia
897 1386 1090 1426 coniunx.

76 1462 164 1497 vos,
188 1448 347 1498 famuli,
375 1462 484 1502 quae
509 1448 659 1498 dicam,
686 1448 833 1489 animis
860 1448 1059 1489 advertite
1085 1447 1244 1489 vestris.

79 1517 140 1551 est
164 1510 267 1552 urbe
292 1511 470 1566 egressis
496 1511 680 1552 tumulus
705 1511 990 1565 templumque
1015 1517 1226 1551 vetustum

76 1572 263 1614 desertae
289 1571 453 1614 Cereris
478 1573 676 1627 iuxtaque
702 1573 873 1626 antiqua
898 1587 1117 1627 cupressus

75 1635 290 1691 relligione
314 1643 479 1690 patrum
503 1637 655 1677 multos
681 1643 845 1677 servata
869 1651 943 1690 per
968 1650 1116 1676 annos:

75 1698 184 1740 hanc
209 1713 260 1739 ex
284 1698 446 1740 diverso
471 1699 613 1740 sedem
638 1699 852 1740 veniemus
877 1699 919 1739 in
948 1714 1086 1739 unam.

76 1767 134 1810 tn,
160 1760 334 1815 genitor,
361 1761 462 1816 cape
487 1775 604 1802 sacra
628 1777 754 1802 manu
778 1761 1017 1816 patriosque
1043 1760 1223 1815 penatis3

76 1837 156 1872 me,
180 1823 289 1864 bello
316 1838 337 1864 e
362 1830 475 1864 tanto
502 1824 734 1879 digressum
759 1832 800 1865 et
825 1823 951 1864 caede
976 1823 1144 1872 recenti,

77 1891 294 1927 attrectare
319 1886 450 1936 nefas,
476 1886 608 1927 donec
632 1901 698 1928 me
723 1886 892 1928 flumine
918 1886 1013 1927 vivo

77 1947 274 1988 abluero?

76 2009 179 2051 haec
202 2010 312 2051 fatus
337 2011 440 2052 latos
465 2025 630 2052 umeros
656 2011 924 2064 subiectaque
950 2011 1054 2051 colla

77 2080 191 2113 veste
216 2088 340 2128 super
363 2073 549 2127 fulvique
574 2074 779 2115 insternor
802 2074 910 2128 pelle
934 2073 1065 2114 leonis

78 2135 337 2188 succedoque
362 2136 475 2177 oneri
485 2152 494 2185 ;
521 2136 690 2177 dextrae
716 2151 760 2177 se
784 2151 938 2190 parvus
963 2135 1081 2176 Iulus

77 2197 268 2252 inplicuit
293 2198 565 2252 sequiturque
590 2205 749 2253 patrem
775 2212 858 2239 non
882 2198 1073 2253 passibus
1099 2196 1256 2250 aequis,

76 2274 184 2314 pone
210 2260 320 2300 subit
344 2261 534 2301 coniunx.
582 2261 754 2302 ferimur
778 2275 851 2315 per
876 2274 1006 2315 opaca
1030 2260 1215 2300 locorum
1224 2276 1234 2308 ;

78 2328 119 2363 et
141 2336 221 2371 me,
248 2336 370 2375 quem
396 2323 552 2363 dudum
577 2338 660 2363 non
685 2323 771 2363 ulla
794 2322 946 2363 iniecta
969 2322 1194 2363 movebant

78 2384 160 2426 tela
184 2399 318 2438 neque
343 2386 516 2427 adverso
542 2385 761 2441 glomerati
786 2400 837 2425 ex
862 2385 1028 2440 agmine
1056 2383 1174 2433 Grai,

77 2461 189 2487 nunc
214 2460 355 2487 omnes
381 2454 535 2488 terrent
558 2462 696 2495 aurae,
723 2461 847 2487 sonus
874 2447 1025 2488 excitat
1050 2445 1182 2486 omnis

78 2523 325 2564 suspensum
350 2516 391 2550 et
413 2509 566 2564 pariter
590 2509 813 2562 comitique
838 2509 1033 2562 onerique
1060 2508 1286 2549 timentem.

133 2570 308 2624 Iamque
332 2571 663 2625 propinquabam
688 2570 815 2625 portis
841 2584 1090 2623 omnemque
1115 2570 1287 2611 videbar

79 2633 259 2675 evasisse
285 2632 408 2683 viam,
433 2633 569 2674 subito
595 2648 690 2675 cum
715 2633 858 2675 creber
883 2633 936 2674 ad
960 2647 1079 2674 aures

1452 400 1516 431 695

1454 712 1518 742 700

1454 1024 1516 1054 705

1455 1336 1518 1366 710

1454 1648 1515 1678 715

1453 1960 1516 1990 720

1449 2581 1512 2611 730
