1660 2847
560 143 813 182 AENEIDOS
836 143 933 180 LIB.
959 144 1025 182 VI.
1382 135 1467 178 203

124 251 195 293 vix
219 250 322 293 adeo
347 249 542 305 adgnovit
565 249 821 304 pavitantem
845 262 894 289 ac
918 247 1008 289 dira
1032 254 1241 304 tegentem

125 313 340 368 supplicia,
366 319 406 353 et
428 311 536 352 notis
562 311 783 366 compellat
806 309 978 351 vocibus
1002 311 1130 351 ultro:

124 374 365 429 ‘Deiphobe
389 373 654 428 armipotens,
681 387 812 428 genus
837 372 919 413 alto
945 388 969 413 a
993 372 1196 428 sanguine
1219 372 1385 422 Teucri,
1491 383 1557 415 500

124 437 216 492 quis
241 443 325 477 tam
349 435 526 476 crudelis
551 435 710 489 optavit
733 448 896 476 sumere
920 435 1102 489 poenas?

125 499 191 540 cui
215 505 375 540 tantum
400 498 450 539 de
475 504 515 538 te
539 497 679 538 licuit?
702 497 804 538 mihi
827 497 940 537 fama
965 512 1158 551 suprema

123 567 244 602 nocte
267 559 362 601 tulit
384 559 540 601 fessum
564 566 683 600 vasta
708 567 747 601 te
772 559 899 600 caede
923 558 1153 614 Pelasgum

123 622 393 678 procubuisse
418 637 542 677 super
567 621 763 663 confusae
789 621 938 676 stragis
963 636 1171 662 acervum.

124 692 222 726 tunc
246 690 411 739 egomet
433 684 640 725 tumulum
665 684 852 724 Rhoeteo
878 684 919 724 in
943 683 1063 724 litore
1087 683 1255 725 inanem
1493 692 1557 724 505

125 746 318 788 constitui
343 753 385 787 et
407 761 562 801 magna
586 746 718 787 manis
742 753 804 787 ter
827 759 929 786 voce
954 745 1113 786 vocavi.

122 822 275 849 nomen
301 815 342 849 et
365 823 480 849 arma
502 809 640 849 locum
665 815 848 857 servant3
874 815 926 857 te,
952 807 1096 857 amice,
1121 807 1290 861 nequivi

124 870 363 925 conspicere
389 877 431 912 et
453 870 587 925 patria
612 870 814 912 decedens
839 884 994 924 ponere
1018 869 1150 911 terra.’

123 932 176 974 ad
200 947 307 986 quae
331 933 583 974 Priamides:
609 932 729 973 ‘nihil
754 947 777 973 ο
803 933 877 973 tibi
902 932 1033 974 amice
1057 932 1264 981 relietum3

123 995 262 1036 omnia
286 995 510 1050 Deiphobo
535 995 690 1036 solvisti
716 1002 757 1036 et
782 995 939 1036 funeris
964 994 1136 1036 umbris.
1494 1004 1560 1036 510

123 1057 196 1098 sed
220 1071 286 1097 me
310 1056 396 1097 fata
420 1071 514 1098 mea
538 1063 579 1098 et
603 1057 736 1098 scelus
762 1056 926 1097 exitiale
951 1056 1175 1097 Lacaenae

122 1118 186 1160 his
210 1133 389 1160 mersere
413 1118 551 1167 malis;
577 1119 647 1159 illa
672 1118 775 1159 haec
800 1126 1069 1160 monumenta
1092 1117 1272 1171 reliquit.

122 1195 302 1234 namque
326 1187 372 1221 ut
395 1195 632 1235 supremam
656 1181 761 1222 falsa
784 1181 891 1222 inter
914 1181 1070 1235 gaudia
1093 1187 1260 1221 noctem

123 1243 342 1299 egerimus,
366 1242 475 1284 nosti
484 1259 494 1292 ;
521 1250 561 1284 et
583 1243 757 1284 nimium
781 1243 1018 1285 meminisse
1043 1257 1213 1284 necesse
1238 1249 1312 1284 est.

123 1320 218 1347 cum
241 1305 378 1346 fatalis
405 1320 536 1358 equus
563 1306 671 1346 saltu
698 1320 823 1360 super
848 1306 978 1346 ardua
1002 1305 1117 1346 venit
1494 1313 1558 1345 515

120 1367 331 1423 Pergama
356 1374 397 1408 et
421 1375 627 1408 armatum
652 1368 834 1422 peditem
860 1367 999 1423 gravis
1024 1367 1162 1408 attulit
1185 1367 1294 1417 alvo,

119 1430 203 1479 illa,
230 1429 403 1470 chorum
428 1429 641 1479 simulam,
668 1430 857 1471 euhantis
884 1430 1000 1485 orgia
1026 1430 1181 1471 circum

121 1491 302 1532 ducebat
323 1491 530 1546 Phrygias
539 1508 550 1540 3
575 1492 786 1532 flammam
811 1492 948 1533 media
972 1492 1063 1547 ipsa
1087 1490 1257 1533 tenebat

119 1554 332 1609 ingentem
357 1561 398 1595 et
422 1569 584 1595 summa
607 1554 780 1595 Danaos
806 1569 857 1595 ex
882 1569 975 1596 arce
1000 1554 1190 1596 vocabat.

120 1622 210 1656 tum
234 1631 314 1665 me,
340 1616 577 1657 confectum
602 1616 711 1657 curis
737 1631 965 1670 somnoque
990 1623 1225 1672 gravatum,
1494 1626 1559 1658 520

119 1678 264 1719 infelix
288 1678 434 1719 habuit
457 1678 664 1720 thalamus
689 1679 920 1734 pressitque
945 1679 1149 1720 iacentem

121 1740 253 1782 dulcis
277 1747 318 1782 et
342 1741 424 1782 alta
448 1741 565 1795 quies
590 1741 863 1796 placidaeque
887 1742 1094 1782 simillima
1118 1740 1253 1782 morti.

121 1803 290 1858 egregia
312 1803 470 1844 interea
495 1803 675 1844 coniunx
699 1819 814 1845 arma
838 1804 976 1845 onmia
1000 1803 1118 1845 tectis

121 1872 286 1906 amovet
309 1865 368 1916 (et
390 1865 522 1906 fidum
546 1866 670 1921 capiti
695 1866 953 1908 subduxerat
976 1868 1152 1919 ensem);

120 1927 228 1968 intra
251 1934 359 1969 tecta
382 1934 504 1969 vocat
526 1928 769 1970 Menelaum
795 1936 837 1970 et
859 1929 1003 1970 limina
1027 1929 1185 1983 pandit,
1493 1939 1557 1970 525

122 1989 275 2031 scilicet
297 1990 340 2030 id
365 2005 566 2045 magnum
589 2006 760 2045 sperans
784 1992 872 2032 fore
896 2006 1050 2032 munus
1075 1990 1230 2032 amanti

122 2059 163 2094 et
186 2052 341 2092 famam
367 2053 554 2107 extingui
579 2061 766 2094 veterum
791 2054 849 2095 sic
873 2068 996 2108 posse
1024 2054 1241 2094 malorum.

121 2114 223 2168 quid
245 2115 405 2155 moror?
434 2115 678 2170 inrumpunt
700 2116 896 2164 thalamo,
923 2130 1060 2157 comes
1086 2116 1251 2157 additur
1275 2131 1358 2157 una

121 2177 305 2218 hortator
329 2177 531 2219 scelerum
555 2178 768 2219 Aeolides.
817 2178 871 2227 di,
896 2178 994 2219 talia
1020 2177 1145 2220 Grais

120 2238 359 2287 instaurate,
383 2240 452 2294 pio
478 2240 513 2281 si
536 2255 692 2295 poenas
717 2255 786 2282 ore
810 2255 994 2295 reposco.
1493 2254 1557 2285 530

122 2301 195 2342 sed
220 2308 260 2342 te
284 2301 354 2354 qui
377 2302 519 2343 vivum
544 2317 678 2352 oaSUS,
704 2318 782 2357 age
805 2303 893 2345 fare
919 2303 1114 2353 vicissim,

122 2363 345 2405 attulerint.
392 2365 585 2420 pelagine
610 2365 726 2406 venis
752 2366 958 2406 erroribus
984 2372 1101 2407 actus

122 2442 176 2467 an
200 2426 359 2467 monitu
384 2426 551 2468 divum?
576 2444 629 2469 an
653 2442 761 2481 quae
786 2435 826 2469 te
851 2428 1017 2469 fortuna
1041 2427 1201 2482 fatigat,

121 2495 169 2529 ut
192 2488 317 2529 tristis
343 2489 430 2531 sine
453 2490 539 2532 sole
564 2491 722 2539 domos,
746 2491 836 2531 loca
860 2491 1038 2539 turbida,
1064 2491 1242 2532 adires?⁷

121 2550 201 2592 hac
225 2551 314 2592 vice
339 2566 574 2594 sermonum
598 2553 726 2594 roseis
752 2553 918 2594 Aurora
943 2553 1155 2608 quadrigis
1491 2564 1555 2595 535

122 2613 204 2654 iam
229 2614 411 2656 medium
437 2615 618 2658 aetherio
644 2630 767 2658 cursu
792 2615 1009 2658 traiecerat
1033 2630 1167 2665 axem,
