1660 2847
547 185 800 222 AENEIDOS
822 186 919 221 LIB.
945 186 1012 222 IX.

110 297 154 333 at
176 291 398 346 Messapus
424 304 576 344 equum
602 290 791 339 domitor,
816 289 1028 344 Neptunia
1051 290 1202 346 proles,

109 353 304 395 rescindit
328 352 482 393 vallum
508 359 548 393 et
571 353 703 394 scalas
727 352 769 393 in
794 352 958 394 moenia
982 353 1126 407 poscit.

166 415 267 464 Vos,
293 429 317 455 0
343 413 544 469 Calliope,
569 429 728 469 precor,
754 414 960 469 adspirate
986 415 1163 464 canenti,

110 491 214 531 quas
237 477 294 517 ibi
319 483 406 517 tum
431 476 540 517 ferro
565 484 737 532 strages,
763 491 870 529 quae
895 476 1042 518 funera
1066 477 1235 518 Turnus

111 539 295 587 ediderit,
322 553 445 592 quem
469 538 645 592 quisque
670 539 805 580 virum
830 538 1038 580 demiserit
1064 537 1191 589 Orco,

110 608 150 643 et
173 615 336 642 mecum
359 600 538 655 ingentis
563 615 655 641 oras
681 600 856 642 evolvite
887 600 996 641 belli.

165 663 310 704 Turris
336 669 424 704 erat
446 670 563 704 vasto
589 669 783 718 suspectu
808 669 849 704 et
872 663 1067 717 pontibus
1093 663 1199 712 altis,

108 732 340 780 opportuna
362 725 467 774 locO,
492 726 663 766 summis
688 739 815 779 quam
839 725 996 766 viribus
1021 740 1164 766 omnes

109 803 349 843 expugnare
373 788 469 829 Itali
494 802 738 842 summaque
765 794 949 829 evertere
975 802 1102 842 opum
1127 787 1168 829 vi

109 850 334 899 certabant,
361 850 493 891 Troes
519 857 662 891 contra
687 850 910 891 defendere
935 850 1045 891 saxis

108 927 263 966 perque
288 927 412 954 cavas
438 913 555 954 densi
579 913 661 954 tela
684 913 922 966 intorquere
946 913 1162 954 fenestras.

107 974 298 1029 princeps
324 975 537 1016 ardentem
561 974 735 1016 coniecit
759 974 955 1029 lampada
979 974 1147 1015 Turnus

108 1042 148 1077 et
171 1036 381 1077 flammam
406 1037 549 1077 adfixit
572 1037 703 1085 lateri,
729 1051 836 1089 quae
860 1037 1040 1091 plurima
1065 1042 1189 1078 vento

108 1098 305 1153 corripuit
329 1099 491 1140 tabulas
517 1106 557 1140 et
579 1099 767 1153 postibus
793 1099 925 1139 haesit
951 1098 1098 1140 adesis.

107 1160 261 1201 turbati
285 1161 490 1216 trepidare
515 1161 625 1202 intus
650 1161 885 1214 frustraque
911 1161 1116 1202 malorum

107 1223 212 1264 velle
237 1223 393 1278 fugam.
442 1223 540 1264 dum
565 1239 609 1264 se
633 1223 867 1278 glomerant
890 1230 1083 1277 retroque
1108 1223 1297 1265 residunt

105 1284 150 1325 in
172 1292 345 1340 partem,
371 1300 477 1339 quae
502 1293 617 1340 peste
642 1292 766 1334 caret,
791 1292 880 1325 tum
904 1286 1086 1340 pondere
1112 1286 1235 1327 turris

106 1348 326 1401 procubuit
350 1348 486 1389 subito
512 1355 553 1389 et
577 1348 738 1389 caelum
763 1353 880 1388 tonat
903 1362 1024 1389 omne
1049 1348 1228 1404 fragore.

106 1410 332 1452 semineces
358 1410 410 1451 ad
435 1417 598 1459 terram,
624 1410 795 1451 immani
819 1410 928 1451 mole
954 1417 1108 1459 secuta,

107 1472 340 1525 confixique
366 1473 448 1513 suis
474 1473 565 1513 telis
591 1479 632 1513 et
654 1479 823 1526 pectora
848 1472 952 1512 duro

107 1534 321 1575 transfossi
345 1535 458 1589 ligno
483 1535 665 1575 veniunt.
714 1534 784 1574 vix
809 1549 916 1574 unus
942 1535 1129 1575 Helenor

107 1603 148 1637 et
171 1596 314 1651 Lycus
340 1597 486 1651 elapsi:
513 1611 688 1650 quorum
716 1597 951 1651 primaevus
976 1597 1177 1645 Helenor,

105 1659 303 1700 Maeonio
326 1660 415 1713 regi
440 1674 564 1712 quem
589 1674 708 1700 serva
734 1659 957 1713 Licymnia
981 1659 1124 1700 furtim

106 1722 326 1762 sustulerat
352 1721 570 1775 vetitisque
596 1721 648 1762 ad
672 1721 840 1762 Troiam
866 1721 1035 1762 miserat
1060 1722 1198 1770 armis,

106 1798 204 1825 ense
227 1784 329 1824 levis
354 1783 466 1824 nudo
491 1798 718 1838 parmaque
742 1783 943 1837 inglorius
968 1783 1076 1824 alba.

105 1846 222 1899 isque
247 1845 320 1886 ubi
344 1860 387 1886 se
412 1845 544 1886 Turni
568 1845 705 1887 media
729 1845 834 1886 inter
858 1845 971 1886 milia
995 1845 1110 1894 vidit,

106 1908 201 1948 hinc
226 1907 335 1948 acies
361 1913 485 1961 atque
509 1907 604 1948 hinc
629 1907 738 1948 acies
764 1907 927 1948 adstare
952 1907 1139 1955 Latinas,

106 1977 151 2010 ut
175 1970 275 2017 fera,
301 1984 408 2023 quae
433 1969 560 2011 densa
582 1977 808 2010 venantum
834 1977 976 2024 saepta
1001 1984 1152 2010 corona

107 2038 249 2072 contra
272 2031 353 2072 tela
377 2031 477 2071 furit
500 2045 673 2084 seseque
698 2031 810 2071 haud
834 2031 972 2072 nescia
996 2031 1118 2072 morti

105 2093 221 2134 inicit
245 2100 286 2134 et
309 2093 415 2134 saltu
440 2108 565 2147 supra
589 2093 795 2134 venabula
819 2093 962 2141 fertur,

106 2155 219 2195 haud
243 2155 360 2196 aliter
383 2155 544 2196 iuvenis
569 2155 726 2195 medios
752 2155 974 2195 moriturus
998 2154 1041 2195 in
1067 2154 1195 2196 hostis

105 2217 232 2258 inruit
256 2225 297 2258 et
321 2232 402 2271 qua
427 2218 508 2258 tela
533 2217 645 2258 videt
669 2217 912 2258 densissima
936 2217 1079 2258 tendit.

106 2287 147 2320 at
172 2279 348 2334 pedibus
372 2280 495 2334 longe
521 2280 664 2320 melior
688 2279 831 2334 Lycus
856 2280 963 2322 inter
986 2287 1024 2321 et
1050 2280 1177 2321 hostis

106 2342 213 2382 inter
237 2348 278 2382 et
302 2356 416 2382 arma
440 2342 542 2396 fuga
566 2355 704 2382 muros
729 2348 841 2382 tenet
865 2342 1030 2396 altaque
1056 2349 1184 2383 certat

106 2403 307 2459 prendere
331 2410 438 2445 tecta
463 2419 588 2444 manu
614 2404 854 2456 sociumque
880 2404 1083 2459 attingere
1108 2405 1287 2447 dextras.

107 2480 231 2519 quem
256 2465 424 2506 Turnus
448 2467 600 2520 pariter
625 2480 747 2506 cursu
771 2467 936 2519 teloque
962 2473 1127 2508 secutus

106 2528 293 2583 increpat
316 2527 378 2568 his
403 2528 551 2569 victor:
579 2532 812 2569 ‘nostrasne
837 2528 1026 2577 evadere,
1053 2529 1237 2578 demens,

107 2591 280 2645 sperasti
305 2598 344 2631 te
368 2604 489 2644 posse
513 2590 702 2631 manus?'
734 2590 856 2631 simul
880 2591 1021 2645 arripit
1044 2591 1181 2646 ipsum

105 2653 355 2708 pendentem
381 2659 421 2694 et
443 2668 596 2707 magna
620 2652 726 2694 muri
752 2667 845 2694 cum
870 2661 986 2708 parte
1011 2654 1184 2704 revellit,

1369 175 1453 222 267

1477 548 1542 581 525

1478 859 1544 891 530

1477 1171 1542 1202 535

1477 1483 1542 1514 540

1475 1795 1538 1827 545

1473 2106 1538 2137 550

1471 2417 1535 2448 555
