1660 2847
163 397 226 428 365

163 709 227 739 370

163 1331 228 1362 380

164 1644 228 1675 385

168 1957 232 1987 390

170 2268 232 2298 395

253 148 337 199 244
671 158 714 193 P.
735 157 945 195 VERGILI
969 158 1194 195 MARONIS

252 263 425 305 Alcides
450 263 589 312 subiit,
615 262 718 304 haec
743 263 859 304 illum
883 262 1000 317 regia
1025 262 1146 318 cepit.

252 326 373 375 aude,
405 325 570 380 hospes,
602 331 866 366 contemnere
891 339 990 379 opes
1015 331 1055 365 et
1079 331 1118 366 te
1143 339 1309 379 quoque
1334 325 1507 380 dignum

252 388 364 443 finge
390 387 468 429 deo
493 387 700 440 rebusque
725 387 820 428 veni
844 401 927 427 non
953 402 1074 441 asper
1099 387 1267 442 egenis!

251 450 354 490 dixit
379 456 419 490 et
444 448 610 503 angusti
635 449 778 490 subter
802 448 969 503 fastigia
993 449 1090 490 tecti

251 512 463 565 ingentem
489 511 665 552 Aenean
691 511 809 551 duxit
834 511 1053 564 stratisque
1077 511 1229 552 locavit

252 574 442 615 effultum
466 573 575 614 foliis
601 580 642 614 et
665 573 772 627 pelle
796 573 1029 627 Libystidis
1054 588 1188 615 ursae.

307 636 402 677 Nox
427 635 511 676 ruit
535 641 575 676 et
599 635 726 676 fuscis
751 636 941 677 tellurem
967 635 1228 690 amplectitur
1253 634 1340 676 alis.

253 705 294 739 at
318 698 463 740 Venus
489 697 602 738 haud
627 698 764 738 animo
788 697 1044 751 nequiquam
1069 697 1263 739 exterrita
1286 703 1431 745 mater,

254 761 597 813 Laurentumque
622 760 744 800 minis
770 766 810 800 et
835 760 938 800 duro
962 766 1075 800 mota
1098 759 1292 807 tumultu,

252 823 488 863 Volcanum
514 821 751 874 adloquitur
776 821 1042 875 thalamoque
1067 821 1170 862 haec
1196 820 1384 875 coniugis
1410 831 1535 860 aureo

251 884 395 939 incipit
420 890 460 924 et
486 883 604 924 dietis
631 883 818 923 divinum
844 883 1027 937 adspirat
1052 897 1253 924 amorem:

253 947 373 987 ‘dum
396 946 506 987 bello
532 945 722 1000 Argolici
747 946 967 986 vastabant
991 945 1200 1000 Pergama
1223 959 1343 999 reges

210 1020 222 1026 ’
252 1008 390 1049 debita
416 1022 667 1060 casurasque
692 1007 867 1048 inimicis
892 1007 1059 1062 ignibus
1085 1022 1212 1055 arces,

251 1085 334 1111 non
360 1071 491 1111 ullum
517 1070 717 1111 auxilium
741 1069 915 1118 miseris,
941 1084 1024 1110 non
1049 1084 1163 1110 arma
1186 1068 1331 1123 rogavi

253 1133 351 1174 artis
377 1133 550 1187 opisque
576 1139 671 1174 tuae
695 1146 772 1173 nec
797 1139 851 1181 te,
877 1132 1086 1173 carissime
1112 1131 1305 1180 coniunx,

253 1196 515 1236 incassumve
541 1201 633 1234 tuos
658 1194 772 1235 volui
797 1209 989 1236 exercere
1014 1194 1190 1242 labores,

253 1258 444 1311 quamvis
470 1264 510 1298 et
534 1256 692 1297 Priami
718 1256 915 1298 deberem
939 1256 1117 1311 plurima
1140 1255 1248 1297 natis

255 1327 295 1361 et
320 1320 470 1360 durum
495 1320 667 1360 Aeneae
691 1319 898 1360 flevissem
924 1333 1047 1374 saepe
1071 1319 1267 1360 laborem.

252 1397 363 1424 nunc
388 1381 500 1422 Iovis
526 1381 709 1436 imperiis
735 1381 986 1423 Rutulorum
1012 1381 1196 1422 constitit
1219 1379 1319 1421 cris:

252 1459 352 1500 ergo
378 1444 523 1486 eadem
549 1444 723 1498 supplex
748 1444 870 1484 venio
896 1450 937 1485 et
961 1450 1150 1485 sanctum
1173 1443 1275 1484 mihi
1299 1455 1455 1483 numen

254 1523 369 1548 arma
393 1521 508 1562 roge,
534 1507 722 1561 genetrix
746 1513 857 1547 nato.
909 1513 948 1547 te
972 1506 1057 1547 filia
1081 1506 1219 1554 Nerei,

254 1577 293 1611 te
320 1569 451 1624 potuit
475 1569 654 1610 lacrimis
681 1568 878 1609 Tithonia
902 1569 1067 1610 flectere
1092 1568 1284 1610 coniunx.

255 1633 406 1687 aspice,
431 1631 502 1685 qui
528 1638 673 1672 coeant
697 1631 853 1686 populi,
879 1645 985 1684 quae
1011 1631 1174 1672 moenia
1198 1628 1348 1672 clausis

254 1695 410 1736 serrum
435 1702 587 1734 acuant.
610 1693 738 1748 portis
763 1693 805 1734 in
830 1708 896 1734 me
923 1694 1213 1747 excidiumque
1238 1689 1452 1733 meorum.'

255 1757 415 1798 dixerat
439 1763 478 1797 et
503 1755 634 1797 niveis
659 1755 754 1796 hinc
780 1762 903 1809 atquc
928 1755 1024 1797 hinc
1049 1756 1145 1796 diva
1169 1753 1332 1796 lacertis

256 1825 520 1861 cunctantem
546 1818 742 1872 amplexu
767 1817 880 1858 molli
906 1817 1031 1859 fovet.
1080 1817 1149 1859 ille
1173 1822 1342 1871 repente

257 1881 415 1935 accepit
439 1880 601 1921 solitam
626 1881 836 1921 flammam
859 1886 1064 1933 notusque
1089 1879 1292 1920 medullas

259 1942 427 1985 intravit
451 1943 563 1984 calor
589 1950 629 1984 et
652 1942 857 1984 labefacta
881 1958 955 1997 per
980 1957 1073 1983 ossa
1097 1941 1290 1990 cucurrit,

257 2022 340 2048 non
366 2020 485 2047 secus
512 2012 635 2058 atquc
661 2005 772 2054 olim,
804 2005 958 2045 tonitru
984 2020 1078 2046 cum
1103 2011 1225 2059 rupta
1250 2015 1421 2044 corusco

258 2069 383 2123 ignea
407 2068 512 2108 rima
536 2066 693 2108 micans
719 2067 920 2121 percurrit
943 2067 1097 2107 lumine
1122 2065 1298 2106 nimbos.

259 2131 384 2172 sensit
409 2130 518 2170 laeta
543 2129 647 2169 dolis
672 2135 713 2170 et
736 2129 893 2170 formae
919 2129 1084 2170 conscia
1108 2128 1300 2169 coniunx.

258 2201 346 2234 tum
372 2199 488 2247 pater
513 2198 679 2232 aeterno
704 2191 814 2232 satur
839 2191 1055 2232 devinctus
1080 2205 1238 2232 amore:

260 2255 379 2309 ‘quid
405 2269 551 2295 causas
576 2253 682 2309 petis
708 2269 759 2294 ex
786 2253 893 2294 alto?
917 2253 1070 2294 fiducia
1094 2252 1218 2293 cessit

259 2332 341 2371 quo
366 2317 453 2365 tibi,
479 2316 587 2365 diva,
613 2315 719 2357 mei?
745 2315 888 2356 similis
914 2315 947 2356 si
973 2330 1069 2356 cura
1095 2314 1254 2362 fuisset,

260 2387 347 2421 tum
373 2393 538 2432 quoque
563 2379 626 2420 fas
652 2378 771 2419 nobis
799 2379 984 2419 Teucros
1010 2392 1169 2418 armare
1194 2376 1357 2423 fuisset3

259 2457 336 2483 nec
363 2449 477 2496 pater
502 2441 763 2496 omnipotens
789 2440 958 2481 Troiam
982 2455 1059 2482 nec
1083 2440 1169 2480 fata
1193 2438 1391 2480 vetabant

262 2513 369 2546 stare
394 2504 620 2557 decemque
646 2503 747 2545 alios
772 2503 987 2544 Priamum
1012 2517 1227 2557 superesse
1252 2516 1326 2556 per
1349 2513 1492 2541 annos.

172 2580 238 2611 400
263 2574 304 2609 et
326 2581 449 2614 nunc,
476 2566 508 2607 si
535 2567 688 2608 bellare
712 2581 834 2620 paras
859 2572 983 2619 atque
1009 2565 1111 2606 haec
1135 2564 1209 2605 tibi
1233 2578 1350 2604 mens
1375 2568 1448 2611 est,

263 2628 463 2686 quidquid
487 2629 528 2670 in
553 2636 639 2670 arte
664 2643 752 2670 mea
780 2642 950 2686 possum
974 2627 1212 2686 promittere
1238 2640 1373 2676 curae,
