1660 2847
1399 148 1424 190 0¹

1427 150 1452 191 ω

555 158 807 195 AENE1Dos
831 159 925 194 ΜΒ.
949 159 1013 195 IV.
1373 149 1394 191 1

108 264 198 320 ipse
221 265 329 320 iugis
356 263 512 318 Cynthi
536 263 724 318 graditur
747 263 943 317 mollique
969 263 1167 304 fluentem

109 327 257 368 fronde
281 327 430 381 premit
454 326 610 367 crinem
633 325 794 380 fingens
819 332 944 378 atque
969 325 1141 379 inplicat
1164 339 1279 374 auro,

110 389 191 430 tela
215 395 363 429 sonant
387 388 558 429 umeris:
584 387 697 428 haud
719 387 790 428 illo
815 387 981 442 segnior
1004 387 1092 427 ibat

108 452 290 499 Aeneas,
316 457 476 491 tantum
502 450 670 505 egregio
697 450 824 490 decus
850 449 976 490 enitet
1000 463 1082 490 ore.
1479 458 1543 489 150

108 520 328 567 postquam
353 513 455 553 altos
482 519 651 553 ventum
675 512 718 552 in
742 519 903 553 montes
928 518 1053 564 atque
1077 511 1190 552 invia
1213 510 1356 559 lustra,

110 589 204 616 ecce
228 574 340 615 ferae
367 575 456 615 saxi
481 574 664 615 deiectae
690 574 842 615 vertice
867 588 1016 628 caprae

110 637 324 678 decurrere
348 637 471 691 iugis,
497 636 577 678 alia
602 637 653 677 de
677 643 793 691 parte
819 636 997 691 patentis

109 699 388 739 transmittunt
413 714 536 740 cursu
561 713 729 753 campos
755 705 879 752 atque
904 697 1072 753 agmina
1096 697 1207 739 cervi

106 760 395 814 pulverulenta
419 761 522 816 fuga
546 761 779 816 glomerant
802 767 1046 814 montesque
1070 760 1323 814 relinquunt.
1480 769 1541 800 155

107 828 149 862 at
171 836 274 876 puer
298 823 506 864 Ascanius
530 823 675 864 mediis
701 823 743 863 in
767 823 944 864 vallibus
970 823 1053 864 acri

104 884 262 938 gaudet
285 899 406 939 equo,
431 885 598 939 iamque
621 885 696 926 hos
722 900 859 934 cursu,
884 885 967 926 iam
991 884 1188 940 praeterit
1211 884 1316 933 moe,

106 954 450 1002 spumantemque
476 948 564 988 dari
588 962 738 1002 pecora
762 948 868 988 inter
892 947 1040 988 inertia
1064 947 1170 988 votis

106 1015 220 1063 optat
246 1024 391 1064 aprum
418 1017 489 1050 aut
513 1010 676 1050 fulvum
701 1009 952 1051 descendere
976 1016 1116 1050 monte
1141 1009 1315 1051 leonem.

160 1070 326 1112 Interea
351 1086 503 1126 magno
529 1071 692 1112 misceri
716 1086 928 1112 murmure
953 1071 1114 1112 caelum
1478 1078 1542 1109 160

104 1130 260 1185 incipit,
285 1132 516 1185 insequitur
541 1132 764 1173 commixta
788 1132 991 1187 grandine
1015 1132 1196 1181 nimbus,

106 1200 147 1233 et
170 1193 286 1247 Tyrii
312 1194 481 1235 comites
506 1194 661 1248 passim
686 1201 727 1235 et
750 1194 933 1235 Troiana
956 1194 1151 1236 iuventus

103 1254 428 1310 Dardaniusque
452 1271 582 1311 nepos
607 1256 783 1298 Veneris
809 1256 971 1297 diversa
995 1271 1069 1311 per
1092 1270 1214 1312 agros

104 1323 210 1358 tecta
236 1325 350 1359 metu
373 1318 528 1373 petiere
538 1335 548 1368 3
574 1326 701 1359 ruunt
726 1318 775 1360 de
800 1319 1009 1359 montibus
1035 1333 1190 1360 amnes.

104 1379 346 1433 speluncam
370 1380 484 1421 Dido
510 1381 594 1422 dux
619 1388 660 1422 et
684 1380 890 1421 Troianus
916 1381 1092 1422 eandem
1478 1389 1539 1419 165

104 1441 342 1483 deveniunt.
389 1443 523 1497 prima
546 1450 585 1484 et
610 1442 753 1484 Tellus
779 1450 820 1484 et
842 1443 1033 1497 pronuba
1056 1443 1162 1484 Iuno

104 1503 204 1545 dant
228 1504 393 1559 signum
402 1521 412 1553 3
437 1505 591 1547 fulsere
615 1505 733 1560 ignes
760 1512 799 1546 et
825 1505 1014 1546 conscius
1039 1505 1181 1547 aether

104 1566 305 1616 conubiis,
330 1582 575 1621 summoque
599 1567 813 1608 ulularunt
835 1567 989 1609 vertice
1013 1567 1235 1623 nymphae.

102 1629 170 1670 ille
196 1630 282 1671 dies
307 1630 464 1684 primus
489 1630 560 1671 leti
583 1630 825 1685 primusque
850 1631 1054 1671 malorum

104 1706 230 1733 causa
253 1692 344 1733 fuit.
392 1707 527 1745 neque
552 1692 662 1734 enim
687 1692 823 1747 specie
848 1693 1014 1734 famave
1038 1699 1230 1734 movetur
1477 1702 1540 1732 170

102 1770 180 1796 nec
202 1755 284 1796 iam
309 1754 510 1796 furtivum
533 1754 646 1795 Dido
671 1755 893 1796 meditatur
918 1769 1119 1797 amorem:

105 1817 343 1872 coniugium
368 1824 502 1866 vocat,
527 1816 606 1858 hoc
629 1817 835 1872 praetexit
858 1817 1024 1859 nomine
1050 1817 1228 1872 culpam.

159 1879 382 1935 Extemplo
406 1879 571 1934 Libyae
596 1895 769 1934 magnas
793 1880 825 1920 it
847 1880 981 1920 Fama
1004 1895 1078 1934 per
1101 1879 1240 1929 urbes,

103 1943 247 1990 Fama,
272 1943 428 1983 malum
453 1956 535 1996 qua
559 1956 642 1983 non
667 1942 780 1983 aliud
804 1942 988 1983 velocius
1014 1943 1165 1991 ullum3

104 2005 331 2046 mobilitate
356 2005 471 2059 viget
494 2004 684 2057 viresque
710 2004 891 2058 adquirit
915 2004 1070 2053 eundo3
1474 2012 1538 2042 175

104 2082 233 2122 parva
256 2073 370 2108 metu
393 2066 541 2122 primo,
566 2080 664 2107 mox
689 2081 779 2107 sese
804 2066 938 2106 attolit
961 2066 1002 2106 in
1028 2081 1149 2107 auras

103 2129 416 2184 ingrediturque
441 2129 527 2170 solo
553 2136 593 2170 et
618 2136 743 2183 caput
766 2129 872 2170 inter
895 2128 1039 2169 nubila
1063 2128 1215 2170 condit.

104 2192 217 2233 illam
242 2191 372 2233 Terra
395 2206 559 2246 parens,
585 2191 646 2232 ira
670 2190 836 2232 inritata
861 2191 1047 2239 deorum,

105 2262 344 2303 extremam,
368 2261 415 2294 ut
438 2253 669 2308 perhibent,
695 2252 810 2295 Coeo
834 2252 1132 2307 Enceladoque
1158 2267 1341 2294 sororem

104 2316 338 2372 progenuit,
363 2316 539 2371 pedibus
564 2316 742 2357 celerem
766 2322 807 2357 et
830 2316 1068 2370 pernicibus
1094 2315 1182 2364 alis,
1474 2326 1537 2357 180

104 2387 333 2420 monstrum
346 2378 611 2427 horrendum,
621 2378 781 2433 ingens,
790 2378 856 2419 cui
869 2385 971 2432 quot
983 2385 1078 2419 sunt
1093 2391 1263 2432 corpore
1278 2377 1457 2432 plumae,

105 2448 166 2482 tot
189 2441 334 2495 vigiles
361 2441 486 2489 oculi3
513 2440 654 2483 subter
678 2440 883 2492 (mirabile
908 2440 1037 2493 dictu)

105 2511 166 2545 tot
188 2503 370 2558 linguae,
396 2503 568 2544 totidem
593 2517 665 2544 ora
689 2510 850 2552 sonant,
876 2510 936 2543 tot
960 2502 1137 2557 subrigit
1160 2502 1283 2544 auris.

105 2573 225 2607 nocte
252 2566 363 2606 volat
387 2566 489 2607 caeli
513 2565 649 2606 medio
675 2572 890 2619 terraeque
914 2579 988 2619 per
1012 2565 1216 2614 umbram,

107 2628 297 2677 stridens,
322 2642 398 2670 nec
423 2627 533 2670 dulci
558 2627 736 2669 declinat
759 2627 917 2668 lumina
942 2641 1085 2668 somno
1094 2643 1105 2678 3
1478 2637 1540 2669 185
