1654 2837
563 166 795 195 ADNOTATIO
821 166 992 194 GRITIGA.
1403 165 1503 195 XXV

60 239 180 276 silium
202 250 398 288 agnoscere
423 241 553 286 potuit.
583 241 708 286 itaque
737 241 766 274 si
791 242 850 273 tur
879 240 924 273 de
952 250 997 274 ea
1023 250 1062 274 re
1089 239 1167 274 iure
1196 240 1366 285 dubitari,
1394 242 1501 277 modo

58 286 127 321 hoc
148 298 258 321 unum
279 290 471 329 manserat,
494 285 594 321 Galli
621 286 766 320 laudem
791 288 987 330 antequam
1013 286 1182 320 ederetur
1205 297 1352 320 carmen
1375 290 1411 321 et
1435 299 1502 332 per

57 330 96 365 in
117 332 232 366 altera
253 332 371 376 quarti
393 331 477 366 libri
502 335 606 376 parte
634 331 764 375 inesse,
790 330 909 364 iocum
937 331 1053 377 magis
1077 342 1185 376 quam
1207 336 1248 365 ut
1277 332 1370 366 serio
1391 332 1500 367 ulcis-

58 387 176 422 neque
196 377 285 411 item
301 388 373 422 qua
389 387 426 410 re
445 388 488 411 ea
504 378 583 411 laus
606 377 763 411 contine·
792 379 933 410 ceretur
958 376 1180 411 Nolanorum
1203 377 1502 412 inliberalitatem

57 426 156 456 retur
171 421 372 466 obtinebat,
396 421 505 456 facile
527 422 763 467 intellegitur,
791 420 993 466 Vergilium
1007 422 1106 455 urbis
1122 432 1243 456 eorum
1257 433 1386 456 nomen
1403 423 1500 457 dele-

58 478 129 512 quo
150 468 256 501 modo
283 467 377 501 inter
404 467 567 501 homines
591 478 764 501 novarum
789 465 884 500 visse
896 467 1239 512 concedatur,atque
1249 467 1500 502 breviPhilar-

56 523 176 546 rerum
219 512 368 557 cupidos
414 511 625 546 Servianum
673 513 762 546 illud
789 511 886 563 gyrii
898 513 1103 546 testimonio
1113 513 1194 557 plus
1204 513 1501 558 tribuaturquam

57 562 296 592 commentum
341 562 466 591 natum
511 558 573 591 sit:

625 558 763 592 scilicet
789 567 888 590 mam
920 557 988 591 hoc
1019 558 1098 591 loco
1129 557 1241 592 Gellii
1274 558 1497 603 loquacitati.

57 603 152 646 quod
173 613 245 637 non
264 603 338 637 iam
361 613 549 648 superesse
571 603 764 636 videbatur
790 600 924 635 famam
941 606 1063 636 autem
1080 603 1290 638 mutationis
1308 615 1351 638 ex
1368 603 1499 638 amico-

55 647 94 681 id
115 647 201 681 olim
223 647 335 682 fuisse
359 648 428 682 sibi
451 651 708 693 persuaserunt
728 652 763 681 et

56 692 132 726 eius
153 693 252 727 iussu
280 693 477 736 sublatum,
505 704 528 727 a
549 703 621 737 quo
644 695 761 738 ipsum

56 737 203 772 Gallum
230 749 375 784 pessum
402 739 526 772 datum
555 749 633 773 esse
661 739 761 772 audi—

53 786 189 817 verant.
215 787 374 818 ceterum
391 784 421 817 si
438 784 652 828 probabitur
667 784 762 828 quod

55 827 155 862 Galli
165 828 524 874 vestigiaVergilium
533 832 762 874 persecutum

55 884 133 908 esse
157 874 311 918 conieci,
340 874 430 908 illud
453 885 595 919 quoque
618 874 762 908 facilius

55 918 227 963 explicari
237 919 369 965 poterit
378 921 474 964 quod
484 919 690 965 Schaperus
700 920 760 953 ob-

54 964 222 1009 servavit,
246 965 355 998 aliam
372 975 450 999 esse
467 976 634 999 versuum
653 965 760 999 ratio-

53 1009 190 1044 nemin
212 1010 311 1044 exitu
333 1010 513 1054 carminis,
533 1011 642 1045 aliam
663 1011 700 1044 in
717 1010 761 1043 iis

55 1065 148 1100 quae
170 1055 410 1100 praecedunt:
434 1067 507 1100 qua
529 1056 567 1089 in
589 1067 627 1090 re
652 1056 760 1090 etiam

54 1101 258 1146 argumenti
268 1100 512 1135 diversitatem
526 1101 760 1146 spectandam

54 1156 133 1180 esse
149 1156 221 1179 non
238 1150 293 1180 est
309 1146 404 1190 quod
421 1157 596 1180 moneam.

99 1191 263 1225 Transeo
290 1192 338 1226 ad
363 1192 566 1226 enarranda
595 1202 639 1226 ea
667 1202 760 1237 quae

53 1239 195 1270 veteres
217 1236 433 1282 interpretes
452 1237 497 1271 de
515 1237 666 1283 singulis
682 1248 759 1271 ver-

53 1281 152 1316 sibus
190 1285 226 1316 et
262 1282 412 1316 vocibus
449 1283 495 1316 ab
533 1283 612 1327 ipso
653 1286 760 1327 poeta

53 1327 253 1361 emendatis
283 1328 407 1362 testati
440 1331 530 1362 sunt.
571 1333 680 1372 atque
713 1328 758 1361 ad

52 1373 90 1406 II
123 1373 190 1406 225
224 1372 476 1418 Philargyrius
512 1373 573 1417 qui
611 1377 760 1407 vocatur

51 1417 144 1452 haec
165 1418 359 1463 adscripsit
387 1422 441 1452 ‘et
464 1419 532 1453 hoc
555 1419 761 1453 emendavit

51 1463 148 1508 ipse,
176 1463 262 1508 quia
290 1463 419 1498 Nolam
453 1467 641 1508 posuerat:
676 1475 758 1498 nam

51 1511 179 1554 postea
193 1508 349 1542 offensus
363 1508 627 1553 aNolanis,qui
641 1509 758 1544 eidem

52 1565 184 1599 aquam
227 1558 451 1599 negaverant
492 1554 586 1598 (fort.
626 1555 688 1599 qui
726 1555 758 1589 ei

51 1610 182 1644 aquam
199 1599 492 1644 denegaverant),
511 1612 574 1634 ora
587 1611 652 1645 pro
661 1601 759 1634 Nola

50 1644 195 1689 posuit.’
226 1645 353 1678 eadem
378 1645 453 1679 fere
477 1646 575 1690 apud
599 1645 757 1680 Gellium

50 1690 230 1735 leguntur,
245 1690 308 1734 qui
317 1690 368 1724 VI
378 1690 434 1734 20,
446 1691 464 1724 1
479 1692 487 1709 ‘
497 1690 672 1735 scriptum
680 1691 687 1705 ’
705 1691 756 1725 in—

51 1735 129 1779 quit
153 1735 207 1769 ‘in
231 1735 386 1780 quodam
405 1736 660 1770 commentario
677 1748 757 1781 rep-

50 1781 146 1825 peri,
182 1791 306 1814 versus
337 1780 424 1815 istos
456 1792 478 1815 a
510 1781 674 1827 Vergilio
706 1782 758 1816 ita

49 1825 204 1871 primum
221 1837 299 1861 esse
315 1826 486 1860 recitatos
509 1830 618 1872 atque
641 1827 757 1861 editos

51 1873 168 1905 Talem
200 1873 290 1905 clives
321 1878 399 1906 arat
434 1874 553 1916 Capua
585 1879 615 1906 et
648 1874 757 1907 vicina

59 1917 202 1951 Vesaevo
241 1917 338 1951 Nola
374 1919 471 1961 itast),-
508 1921 636 1962 postea
668 1918 756 1952 Ver-

50 1962 177 2007 gilium
193 1962 327 2007 petisse
342 1974 363 1996 a
377 1963 540 2006 Nolanis,
558 1973 689 2006 aquam
703 1964 756 1997 uti

51 2008 198 2041 duceret
209 2007 247 2041 in
260 2008 503 2053 propinquum
516 2020 588 2052 rus,
598 2009 756 2042 Nolanos

49 2051 265 2086 beneficium
307 2053 461 2098 petitum
504 2064 576 2087 non
613 2053 755 2098 fecisse,

51 2100 194 2141 poetam
215 2098 391 2132 offensum
417 2109 548 2133 nomen
575 2099 675 2133 urbis
699 2110 755 2133 eo-

51 2153 146 2186 rum,
175 2143 278 2188 quasi
301 2154 343 2178 ex
366 2144 549 2178 hominum
572 2144 755 2189 memoria,

53 2186 104 2221 sic
121 2198 163 2221 ex
178 2188 335 2222 carmine
352 2199 416 2223 suo
434 2189 623 2231 derasisse,
641 2201 754 2224 oram-

51 2243 122 2277 que
157 2243 221 2277 pro
250 2233 344 2269 Nola
374 2238 533 2269 mutasse
566 2239 675 2279 atque
704 2235 756 2269 ita

50 2277 117 2311 reli
143 2277 237 2312 uisse
250 2285 279 2312 et
291 2281 402 2313 vicina
417 2281 559 2314 Vesaevo
573 2293 636 2314 ora
656 2281 755 2325 2‘21903

52 2322 97 2356 de
153 2322 197 2357 de
225 2323 329 2359 huius
363 2325 654 2359 narratiunculae
685 2326 754 2359 dis-

51 2367 210 2402 sentiunt
221 2368 313 2403 inter
323 2381 359 2405 se
369 2370 438 2404 viri
447 2370 557 2404 docti:
572 2371 754 2416 Hauptius

50 2413 145 2447 enim
179 2413 264 2453 (ind.
293 2414 374 2449 lect.
405 2419 492 2450 aest.
522 2416 641 2450 Bcrol.
668 2417 754 2451 1857

49 2459 132 2503 p.4;
150 2459 318 2503 opusc.II
330 2461 454 2505 p.121)
473 2462 537 2495 ‘ad
554 2465 755 2496 commenta

51 2507 88 2538 ot
99 2503 255 2537 fabulas’
270 2515 348 2538 eam
361 2507 510 2550 rettulit,
520 2507 752 2551 ‘quibusVer-

48 2548 130 2593 gilii
152 2560 282 2583 nomen
303 2553 464 2596 tempore
490 2552 577 2586 satis
606 2552 754 2596 antiquo

49 2594 224 2628 cumulari
241 2599 408 2639 coeptum
425 2597 512 2639 est3⁷
529 2597 753 2632 Ribbeckius

50 2642 175 2673 eontra
191 2640 293 2684 (prol.
309 2652 344 2684 p.
359 2641 416 2683 24)
430 2641 516 2686 quin
531 2643 627 2676 Nola
639 2646 752 2677 muta-

48 2683 141 2719 verit
152 2689 261 2730 poeta
272 2696 343 2720 non
356 2685 508 2722 dubitat.
527 2698 646 2733 neque
655 2687 752 2724 vide-

792 658 870 680 rum
908 651 1038 692 poetae
1082 649 1347 683 commentariis
1388 649 1499 684 inter-

790 696 909 736 pretes
946 693 1127 738 recepisse
1159 694 1336 728 videntur.
1379 698 1501 729 cetera

787 748 877 781 quae
883 737 1086 772 Danielinis
1094 739 1309 783 quibusdam
1320 739 1499 774 etPhilar-

789 782 885 828 gyrii
898 783 1044 817 scholiis
1054 784 1098 818 de
1111 784 1225 829 ipsius
1239 789 1368 829 poetae
1380 796 1499 820 emen-

789 828 996 862 dationibus
1014 829 1243 863 continentur
1265 831 1360 864 unde
1383 831 1500 875 petita.

789 873 869 914 sint,
887 872 1026 907 Gellius
1047 875 1153 908 docet
1166 876 1228 919 qui
1244 887 1315 909 non
1331 886 1402 910 uno
1420 876 1499 910 loco

789 919 820 963 (Ι
833 919 886 959 21,
902 919 940 961 2;
956 919 991 953 11
1005 920 1038 963 3,
1052 921 1090 963 ὃς
1105 920 1160 954 IX
1175 922 1228 965 14,
1242 921 1280 964 43
1294 921 1390 955 XIII
1400 921 1454 965 21,
1465 922 1499 964 3)

789 964 959 1007 prodidit,
1001 966 1221 1010 exemplaria
1259 977 1352 1011 quae
1384 966 1499 1012 ipsius

788 1009 943 1054 Vergilii
971 1021 1080 1044 manu
1108 1011 1245 1056 scripta
1273 1015 1309 1046 et
1337 1017 1500 1046 correcta

788 1055 1029 1099 crederentur,
1047 1056 1094 1089 ab
1113 1056 1271 1101 antiquis
1288 1058 1499 1102 grammati-

788 1099 855 1142 cis,
879 1100 1041 1145 Hygino,
1071 1101 1164 1136 Fido
1187 1102 1335 1147 Optato,
1363 1102 1497 1146 Probo,

787 1144 879 1188 aliis,
898 1146 1063 1190 inspecta
1081 1158 1168 1181 esse.
1199 1148 1263 1181 sed
1281 1148 1419 1182 scholia
1434 1148 1500 1183 illa

787 1201 868 1224 cum
890 1201 961 1224 non
984 1191 1031 1225 ab
1055 1192 1182 1226 eodem
1210 1193 1356 1227 homine
1381 1204 1424 1228 ac
1451 1205 1497 1228 ne

787 1236 913 1270 eadem
937 1237 1084 1280 quidem
1109 1242 1227 1272 aetate
1253 1239 1389 1283 scripta
1413 1240 1496 1283 sint,

786 1291 857 1315 non
867 1281 1027 1316 eiusdem
1039 1283 1158 1317 omnia
1166 1287 1249 1317 sunt
1258 1285 1495 1318 auctoritatis.

786 1337 869 1360 nam
893 1327 973 1372 quis
997 1332 1062 1371 est,
1092 1328 1155 1372 qui
1178 1339 1301 1362 verum
1326 1340 1403 1363 esse
1427 1329 1498 1364 sibi

785 1373 1015 1416 persuadeat,
1036 1374 1131 1418 quod
1149 1375 1195 1408 ad
1212 1374 1231 1408 I
1247 1376 1267 1408 6
1285 1375 1498 1409 adnotatum

786 1421 841 1452 est
873 1419 1032 1452 ‘numina
1063 1419 1149 1463 fuit,
1188 1420 1253 1454 scd
1292 1420 1498 1454 emendavit

785 1462 875 1507 ipsc,
907 1463 994 1508 quia
1022 1469 1150 1509 postea
1172 1465 1225 1499 ait
1252 1472 1282 1499 et
1311 1478 1370 1499 vos
1398 1478 1495 1510 cyre-

784 1515 871 1542 stum
884 1511 1083 1553 praesentia
1096 1512 1235 1544 numina
1248 1511 1368 1553 fauni.⁹
1386 1510 1495 1545 immo

784 1557 933 1599 propter
950 1555 1036 1589 deos
1053 1567 1085 1588 v.
1102 1556 1121 1589 7
1135 1556 1337 1590 nominatos
1354 1558 1496 1591 numina

786 1610 804 1633 e
818 1600 1026 1634 coniectura
1038 1600 1191 1635 inlatum
1205 1601 1357 1636 videtur.
1375 1613 1495 1647 neque

785 1645 858 1678 veri
873 1645 1025 1679 similius
1038 1649 1093 1679 est
1106 1658 1137 1679 v.
1150 1647 1192 1681 13
1200 1647 1355 1691 primum
1368 1659 1495 1692 aquam

785 1694 929 1735 poetam
957 1691 1159 1736 scripsisse,
1190 1692 1327 1737 quippe
1350 1693 1446 1737 quod
1473 1704 1495 1727 a

784 1735 933 1770 consilio
951 1736 1027 1770 eius
1049 1736 1256 1782 longissime
1281 1738 1493 1772 abhorreat:

784 1792 1004 1826 quamquam
1036 1793 1116 1816 eam
1153 1783 1367 1828 scripturam
1406 1784 1494 1817 satis

784 1826 933 1870 antiquo
971 1831 1134 1871 tempore
1177 1828 1360 1862 inventam
1399 1833 1435 1863 et
1472 1840 1495 1863 a

784 1872 898 1906 doctis
915 1872 1119 1907 hominibus
1137 1874 1328 1918 probatam
1342 1885 1420 1908 esse
1436 1874 1494 1908 his

783 1917 993 1958 ostenditur,
1012 1919 1155 1963 quaein
1169 1919 1421 1953 Lemovicensi
1435 1930 1492 1953 ex-

784 1966 861 1996 tant
884 1963 1145 2007 ‘antiquissimi
1161 1964 1244 1998 libri
1261 1965 1349 2007 fudit
1365 1977 1386 1999 α
1414 1977 1493 1999 uam

784 2008 946 2053 plerique
964 2009 1179 2052 habuerunt,
1204 2011 1374 2053 quoniam
1414 2010 1491 2056 Tep-

783 2059 890 2087 tunus
930 2054 1140 2088 fluminibus
1179 2059 1215 2088 et
1258 2055 1419 2090 fontibus
1457 2059 1494 2090 et

783 2098 886 2143 aquis
899 2100 1064 2133 omnibus
1077 2104 1233 2145 praeest,
1241 2104 1281 2134 ut
1293 2101 1372 2146 ipse
1387 2101 1494 2135 docet

783 2146 919 2189 (georg.
934 2144 987 2178 IV
999 2145 1055 2188 29)
1073 2152 1312 2191 autpraeceps
1330 2147 1491 2191 Neptuno

782 2191 981 2223 immerserit
1003 2202 1114 2233 eurus,
1139 2191 1203 2225 sed
1225 2192 1354 2225 melius
1371 2204 1492 2237 equum

782 2238 930 2279 propter
946 2236 1124 2270 armenta’
1142 2240 1179 2270 et
1196 2238 1283 2271 ‘non
1301 2237 1390 2271 nulli
1406 2248 1491 2271 vero

782 2279 827 2313 ob
855 2280 924 2314 hoc
952 2282 1009 2314 cui
1029 2282 1146 2325 prima
1172 2282 1372 2324 frementem
1403 2283 1492 2324 fudit

782 2337 907 2370 aquam
929 2326 1072 2371 legunt,
1103 2327 1200 2372 quod
1227 2331 1368 2362 veteres
1396 2340 1491 2361 mur-

782 2382 882 2404 mura
920 2382 1036 2416 aquae
1074 2372 1258 2407 fremitum
1297 2373 1490 2408 dicebant)

781 2415 905 2460 itaque
945 2427 1027 2451 eum
1059 2419 1122 2463 qui
1159 2419 1206 2452 ad
1245 2418 1340 2452 hunc
1371 2419 1490 2452 locum

780 2461 973 2507 adscripsit
986 2462 1037 2496 ‘in
1051 2463 1490 2506 authentico(euthentico

780 2508 867 2550 cod.)
895 2519 1039 2552 aquam,
1070 2508 1185 2554 ipsius
1212 2520 1322 2543 manu
1354 2509 1490 2554 equm‘G

813 2599 829 2624 6
852 2600 907 2625 His
937 2600 1015 2632 quod
1046 2601 1240 2632 praemissum
1265 2604 1310 2628 est
1335 2601 1382 2627 ‘in
1407 2609 1488 2627 corn.

779 2634 871 2665 equm'
898 2635 1017 2659 videtur
1042 2642 1106 2660 esso
1131 2636 1178 2660 ‘in
1197 2636 1369 2661 Corneliani
1390 2635 1489 2668 eqmn)

780 2667 953 2693 Corneliani
972 2670 1053 2694 enim
1077 2670 1230 2701 exemplar
1253 2670 1432 2702 aliquotiens
1457 2671 1489 2695 in

778 2703 981 2729 Beruensibus
993 2703 1115 2730 scholiis
1128 2704 1274 2730 laudatur.
1288 2704 1366 2737 quod
1377 2705 1405 2730 et
1415 2704 1489 2730 anti-
