1660 2847
111 388 173 418 695

110 701 174 732 700

110 1014 172 1044 705

110 1325 174 1355 710

111 1636 174 1667 715

114 1948 178 1980 720

201 141 282 183 208
614 150 658 185 Ρ.
677 149 885 186 VERGILI
910 150 1133 187 MARONIS

200 254 372 309 accipio,
397 254 563 308 quantis
586 254 796 303 iactatum,
822 260 930 303 nate,
955 254 1136 309 periclis!

199 331 324 369 quam
349 317 489 365 metui,
515 316 670 370 nequid
693 317 857 370 Libyae
882 316 955 356 tibi
980 331 1109 371 regna
1132 315 1365 359 nocerent!’

198 379 266 419 ille
292 386 429 419 autem
460 383 549 418 ‘tua
574 393 652 427 me,
679 379 851 433 genitor,
877 385 949 418 tua
973 379 1097 419 tristis
1122 379 1260 433 imago

200 441 364 495 saepius
390 455 610 481 occurrens
635 440 737 482 haec
761 440 904 481 limina
928 440 1095 482 tendere
1120 441 1278 494 adegit3

200 510 309 544 stant
333 503 417 544 sale
443 502 660 557 Tyrrheno
686 503 850 544 classes.
899 502 953 543 da
976 502 1147 558 iungere
1172 503 1374 552 dextram,

199 566 265 613 da,
290 566 464 619 genitor,
490 572 613 618 teque
639 565 834 619 amplexu
857 579 909 606 ne
934 564 1130 606 subtrahe
1155 564 1321 606 nostro.'

199 628 257 669 sic
283 642 514 668 memorans
539 628 656 681 largo
681 627 780 668 fletu
805 627 926 667 simul
952 642 1023 667 ora
1046 627 1221 682 rigabat.

198 697 260 732 ter
283 697 455 731 conatus
480 689 539 730 ibi
563 689 668 730 collo
695 689 792 730 dare
818 688 1012 730 blacchia
1037 689 1206 738 circum,

198 759 259 794 ter
283 752 436 793 frustra
461 766 691 806 conprensa
716 766 863 792 manus
890 751 1071 804 effugit
1061 765 1215 805 imago,

198 830 238 870 p·
227 830 272 856 ir
296 814 457 855 levibus
483 814 614 855 ventis
639 814 880 867 volucrique
908 796 1115 854 simillima
1141 826 1298 853 somno.

254 877 419 917 Interea
443 876 556 917 videt
579 876 783 918 Aeneas
774 891 816 916 1n
841 876 948 916 valle
973 875 1144 916 reducta

198 939 406 980 seclusum
431 953 577 979 nemus
603 945 644 980 ct
667 938 848 992 virgulta
873 937 1063 978 sonantia
1087 937 1215 978 silvae

199 1001 529 1053 Lefflaeumque,
555 1001 699 1041 domos
725 1000 908 1054 placidas
934 999 1005 1053 qui
1029 1004 1257 1054 praenatat,
1283 1011 1460 1038 amnem.

198 1064 309 1105 hunc
334 1064 488 1104 circum
513 1063 755 1103 innumerae
780 1068 925 1117 gentes
949 1061 1175 1116 populique
1200 1059 1414 1109 volabant3

198 1141 247 1168 ac
272 1126 386 1168 velut
409 1125 452 1166 in
476 1125 603 1179 pratis
629 1125 701 1165 ubi
726 1139 824 1178 apes
851 1131 1006 1165 aestate
1031 1138 1176 1164 screna

199 1188 369 1229 floribus
393 1187 578 1228 insidunt
602 1187 724 1227 variis
751 1194 791 1227 et
815 1186 993 1228 candida
1017 1186 1173 1227 circum

198 1251 283 1292 lilia
307 1251 551 1299 funduntur,
579 1249 724 1304 strepit
747 1249 879 1290 omnis
905 1263 1117 1289 murmure
1142 1261 1326 1302 campus.

198 1313 396 1354 horrescit
422 1313 515 1353 visu
539 1311 676 1352 subito
702 1325 932 1365 causasque
955 1310 1129 1364 requirit

198 1377 352 1418 inscius
378 1377 560 1424 Aeneas,
586 1388 693 1428 quae
719 1373 798 1414 sint
823 1388 871 1415 ea
896 1373 1068 1414 flumina
1091 1386 1227 1427 porro,

199 1439 324 1493 quive
349 1438 426 1479 viri
450 1444 565 1478 tanto
591 1436 835 1491 complerint
859 1436 1026 1490 agmine
1051 1435 1175 1489 ripas.

198 1508 286 1543 tum
311 1508 429 1556 pater
453 1499 660 1541 Anchises
686 1499 883 1547 ‘animae,
908 1498 1060 1552 quibus
1085 1498 1214 1539 altera
1238 1496 1323 1537 fato

201 1578 373 1619 corpora
398 1563 615 1611 debentur,
641 1561 820 1603 Lethaei
846 1561 899 1602 ad
923 1560 1104 1601 fluminis
1129 1559 1285 1600 undam

201 1641 368 1669 securos
395 1626 537 1666 latices
563 1631 604 1666 et
627 1625 754 1679 longa
778 1623 933 1664 oblivia
956 1629 1114 1678 potant.

201 1689 275 1730 has
301 1688 494 1741 equidem
519 1701 749 1728 memorare
774 1686 848 1727 tibi
873 1692 997 1739 atque
1022 1684 1241 1726 ostendere
1265 1698 1418 1732 coram,

200 1751 446 1820 iampridem
469 1749 576 1791 hanc
601 1750 760 1804 prolem
786 1748 907 1802 cupio
933 1762 1174 1789 enumerare
1200 1761 1401 1794 meorum,

201 1828 284 1867 quo
308 1812 441 1866 inagis
466 1811 588 1852 Italia
612 1825 777 1852 mecum
800 1811 953 1851 laetere
978 1807 1167 1863 reperta?

203 1879 245 1916 ‘o
270 1882 400 1929 pater,
433 1888 539 1914 anne
565 1872 726 1925 aliquas
752 1871 805 1912 ad
829 1871 991 1912 caelum
1016 1870 1112 1910 hinc
1141 1870 1200 1910 ire
1230 1867 1463 1923 putandum
1487 1873 1550 1909 est

202 1936 391 1979 sublimis
416 1935 575 1976 animas
597 1934 830 1987 iterumque
857 1933 910 1974 ad
934 1932 1051 1972 tarda
1075 1931 1225 1973 revelti

203 1999 399 2054 corpora?
424 2012 531 2051 quae
556 1997 660 2038 lucis
685 1996 843 2037 miseris
869 2002 953 2035 tam
977 1995 1066 2036 dira
1091 1993 1284 2049 cupido‘?'

205 2063 359 2103 ‘dicam
384 2060 576 2113 equidem
601 2073 678 2100 nec
703 2066 743 2099 te
767 2072 1029 2112 suspensum,
1055 2063 1163 2105 nate,
1189 2054 1357 2097 tenebo’

205 2123 377 2178 suscipit
400 2122 609 2163 Anchises
635 2128 760 2174 atque
785 2120 928 2161 ordine
954 2119 1119 2174 singula
1145 2117 1301 2172 pandit.

263 2185 493 2239 ‘Principio
519 2184 680 2225 caelum
705 2197 754 2223 ac
779 2189 907 2224 terras
933 2195 1185 2236 camposque
1209 2178 1403 2233 liquentis

164 2263 176 2268 ·
204 2250 496 2301 lucentemque
520 2246 694 2301 globum
718 2246 842 2286 lunae
867 2244 1116 2297 Titaniaque
1141 2250 1251 2283 astra

207 2311 373 2367 spiritus
397 2310 507 2351 intus
533 2309 619 2358 alit,
644 2315 857 2361 totamque
882 2307 1020 2347 infusa
1043 2320 1117 2361 per
1141 2312 1254 2346 artus

206 2389 322 2416 mens
348 2373 478 2428 agitat
501 2371 653 2412 molem
679 2378 720 2412 et
743 2383 896 2425 magno
921 2384 965 2410 se
990 2382 1160 2423 corpore
1185 2367 1343 2408 miscet.

207 2437 303 2478 inde
329 2435 543 2476 hominum
568 2433 861 2489 pecudumque
885 2446 1018 2486 genus
1043 2431 1235 2484 vitaeque
1260 2429 1473 2470 volantum

209 2508 249 2541 et
273 2513 379 2552 quae
404 2511 636 2538 marmoreo
660 2496 741 2537 fert
765 2502 949 2536 monstra
974 2493 1051 2535 sub
1077 2507 1256 2546 aequore
1281 2498 1444 2546 pontus.

121 2574 184 2604 730
208 2562 356 2616 igneus
382 2568 445 2601 cst
470 2561 560 2601 ollis
585 2560 704 2614 vigor
729 2565 770 2599 et
794 2556 980 2599 caelestis
1006 2556 1122 2610 origo

209 2623 450 2673 seminibus,
477 2629 678 2678 quantum
703 2636 786 2663 non
810 2620 935 2662 noxia
959 2633 1130 2673 corpora
1155 2617 1319 2659 tardant

1658 1493 1660 1502 -
1656 1453 1660 1475 Α
1652 1251 1660 1440 μ-ί-ῑ-...ῌ
1656 1187 1660 1240 —...
1659 1166 1660 1169 „
