1654 2837
317 176 373 203 DE
391 175 487 203 VITA
505 173 830 205 CARMINIBUSQUE
849 173 1031 202 venem
1046 174 1254 202 PRonusm.
1419 167 1504 200 XIX

62 247 270 284 testimonio
291 246 539 291 confirmatur,
569 246 632 292 qui
652 249 732 290 (sat.
751 246 771 281 I
795 256 880 280 nam
910 247 1066 281 maxime
1098 247 1248 281 virtutes
1278 247 1317 281 in
1348 247 1506 293 Vergilii

62 295 97 339 5,
121 295 177 338 39)
201 292 378 340 ‘postera'
405 292 525 336 inquit
553 292 632 326 ‘lux
659 292 771 326 oritur
796 292 972 336 poematis
981 292 1218 337 popularibus
1230 293 1305 327 eius
1316 296 1506 338 tantopere

63 340 175 374 multo
203 338 425 392 gratissima:
453 348 608 383 namque
630 337 770 371 Plotius
796 337 1016 381 placuerint,
1049 338 1086 371 in
1121 337 1246 382 primis
1277 339 1506 383 respicienda

65 388 102 420 et
129 385 261 420 Varius
292 383 484 418 Sinuessae
512 383 769 428 Vergiliusque
797 386 880 416 sunt
893 382 1067 416 orationis
1081 383 1187 428 copia
1200 387 1346 417 ornatus
1361 385 1506 430 elegan-

63 432 269 473 occurrunt,
309 430 450 463 animae
489 429 613 473 quales
651 438 769 472 neque
796 427 865 471 tia,
888 428 980 462 mira
1001 428 1040 461 in
1061 428 1224 462 versibus
1249 429 1525 474 componendis-

65 474 290 510 candidiores
312 477 410 508 terra
436 474 520 508 tulit
547 483 665 517 neque
689 473 769 518 quis
797 483 866 516 arS,
895 484 1034 507 summa
1057 474 1095 507 in
1124 474 1232 507 rebus
1256 475 1445 508 narrandis
1471 479 1508 508 et

63 531 121 555 me
137 519 185 554 sit
200 519 399 554 devinctior
415 519 534 554 alter’.
558 519 683 564 itaque
699 529 770 552 non
797 518 1045 552 describendis
1076 524 1257 553 venustas.
1296 520 1439 553 accedit
1469 521 1507 554 in

65 565 180 599 solum
207 568 357 610 propter
383 564 608 609 poeticorum
636 563 770 598 studio·
797 563 978 609 georgicis
1008 567 1044 598 et
1069 564 1108 597 in
1128 565 1293 598 Aeneide
1317 576 1507 610 argumen-

62 621 142 644 rum
180 610 482 654 communionem,
528 619 637 654 quam
673 609 771 643 idem
796 613 873 642 tum
889 609 937 643 ad
953 610 1128 643 Italorum
1152 609 1272 644 studia
1289 614 1326 644 et
1347 610 1506 644 rationes

62 655 237 690 Horatius
273 656 312 689 in
353 655 494 689 decima
536 654 644 700 primi
686 654 770 688 libri
797 657 906 698 atque
923 655 970 688 ad
992 655 1089 688 illius
1106 655 1237 689 aetatis
1261 666 1344 700 spes
1362 659 1398 689 et
1415 656 1507 690 desi-

63 704 187 736 satura
206 704 360 735 testatus
384 704 449 744 est,
474 700 547 734 illis
563 700 649 734 viris
666 710 771 734 carus
798 699 899 733 deria
921 700 1107 745 aptissime
1131 701 1286 734 electum
1310 704 1346 735 et
1372 712 1507 745 magna

62 746 175 780 fuisse
212 747 371 790 videtur,
410 746 474 780 sed
507 745 617 780 etiam
654 745 770 790 magis
798 745 957 779 sollertia
979 745 1220 779 inlustratum.
1248 746 1404 791 denique
1425 747 1505 780 fieri

61 794 212 837 propter
227 802 365 825 morum
383 791 597 825 suavitatem
616 794 652 825 et
669 801 770 836 egre·
797 801 868 824 non
883 794 1029 835 poterat
1041 790 1127 835 quin
1141 791 1188 824 ad
1199 802 1257 825 ma
1288 803 1352 825 nas
1371 792 1507 838 cogita-

62 837 162 882 giam
175 836 284 870 animi
296 837 571 881 probitatemw:
587 839 663 870 erat
676 836 770 870 enim
797 835 912 869 tiones
964 835 1208 870 excitarentur
1286 837 1405 870 omani
1454 837 1508 870 in-

61 883 100 915 in
118 892 160 916 eo
172 893 264 916 mira
276 893 364 927 erga
377 882 511 916 amicos
527 885 770 926 patronosque

62 926 154 961 fides
169 930 205 961 et
217 928 457 970 observantia,
472 927 612 961 alienae
625 926 770 961 virtutis

63 973 204 1007 sincera
241 973 432 1006 admiratio
447 973 489 1015 73,
527 983 614 1006 suae
653 971 771 1006 laudis

63 1027 223 1062 suaeque
241 1017 409 1052 utilitatis
422 1018 521 1052 nulla
537 1017 716 1062 cupiditas
725 1017 770 1050 74:

63 1074 154 1108 quas
180 1063 331 1097 virtutes
352 1067 393 1096 ut
417 1063 536 1108 ipsum
560 1064 647 1097 data
669 1073 770 1097 occa-

63 1108 163 1142 sione
185 1119 224 1143 re
246 1108 470 1153 praestitisse
494 1108 638 1152 scimus,
655 1107 709 1142 ita
724 1108 771 1142 ab

62 1153 144 1188 aliis
171 1154 299 1188 merita
328 1154 436 1188 laude
466 1154 668 1188 celebratas
694 1164 770 1187 esse

61 1199 238 1233 videmus.
279 1199 413 1244 populo
451 1203 574 1233 autem
608 1199 771 1233 Romano

797 885 940 915 tuentes
971 881 1223 915 incredibilem
1259 893 1367 926 quain
1399 886 1509 927 poeta

797 937 885 971 prae
910 937 948 961 se
971 926 1113 961 ferebat
1136 927 1276 972 patriae
1307 928 1507 971 caritatem,

798 971 1007 1017 splendidas
1018 982 1139 1006 eorum
1152 973 1213 1017 qui
1223 984 1298 1006 rem
1308 973 1510 1007 Romanam

799 1017 1036 1052 condiderunt
1073 1018 1253 1062 rebusque
1293 1018 1436 1052 fortiter
1473 1022 1510 1052 et

798 1063 983 1107 praeclare
1021 1063 1133 1108 gestis
1171 1068 1347 1098 auxerunt
1384 1064 1509 1098 lauda-

797 1108 925 1151 tiones,
953 1108 1126 1142 virtutum
1153 1119 1237 1143 vere
1266 1109 1511 1143 Romanarum

799 1153 1231 1188 admirationem.morum
1245 1159 1354 1198 atque
1368 1154 1510 1188 institu-

798 1203 915 1232 torum
943 1199 1143 1243 antiquitus
1171 1200 1386 1234 traditorum
1409 1201 1508 1245 piam

63 1255 172 1289 quam
198 1248 324 1290 gratus
347 1244 457 1279 fuerit
476 1245 674 1290 Vergilius,
699 1244 770 1278 Ta·
797 1244 1077 1279 venerationem.

63 1289 156 1323 citus
189 1291 294 1324 docet
331 1291 430 1334 apud
462 1300 570 1334 quem
603 1290 700 1330 (dial.
735 1290 768 1322 d.

62 1338 151 1369 orat.
183 1335 239 1378 13)
271 1335 457 1370 Maternus
490 1335 619 1369 ‘malo’
654 1335 772 1379 inquit-

63 1381 247 1414 ‘securum
275 1384 312 1415 et
345 1381 506 1425 quietum
528 1380 684 1425 Vergilii
719 1391 769 1414 se-

63 1436 215 1469 cessum,
238 1426 276 1459 in
301 1437 371 1470 quo
393 1430 514 1460 tamen
538 1436 656 1469 neque
674 1426 771 1471 apud

63 1470 185 1505 divum
201 1471 407 1517 Augustum
430 1471 551 1517 gratia
574 1471 690 1505 caruit
711 1482 770 1506 ne-

62 1526 133 1561 que
161 1517 259 1561 apud
285 1517 458 1561 populum
480 1517 682 1551 Romanum
710 1527 770 1550 no-

61 1562 156 1596 titia.
174 1562 452 1608 testesAugusti
466 1563 653 1607 epistolae,
669 1561 771 1596 testis

60 1607 140 1651 ipse
156 1607 323 1651 populus,
346 1607 409 1652 qui
426 1608 560 1641 auditis
577 1608 614 1642 in
630 1608 772 1642 theatro

61 1652 220 1698 Vergilii
235 1652 395 1687 versibus
415 1653 567 1687 surrexit
584 1653 772 1687 universus

843 1289 928 1333 Sed,
945 1294 985 1323 ut
1001 1289 1081 1324 fieri
1098 1291 1200 1334 solet,
1217 1291 1287 1324 hac
1304 1294 1406 1325 tanta
1419 1291 1510 1326 Ver-

798 1335 879 1380 gilii
892 1336 989 1380 apud
1003 1346 1084 1369 suos
1098 1336 1216 1380 gloria
1227 1336 1510 1371 obtrectatorum

798 1381 936 1414 invidia
958 1381 1115 1415 excitata
1139 1385 1204 1415 est.
1243 1383 1408 1426 exempla
1433 1382 1510 1417 eius

800 1425 992 1460 Suetonius
1007 1430 1054 1470 (p.
1071 1427 1125 1469 65,
1141 1427 1160 1460 7
1175 1436 1252 1471 sqq.
1268 1427 1326 1469 R..)
1343 1428 1507 1472 protulit.

799 1471 972 1505 bucolicis
990 1471 1097 1505 editis
1114 1472 1338 1506 Numitorius
1361 1473 1511 1517 quidam

799 1516 943 1561 scripsit
970 1517 1233 1561 antibucolica,
1264 1518 1372 1552 ‘duas
1401 1520 1507 1552 modo

799 1562 960 1607 eclogas,
985 1563 1051 1596 sed
1078 1562 1315 1597 insulsissime
1341 1563 1509 1608 παρῳδή-

800 1608 884 1641 aas?
909 1618 931 1641 a
954 1607 1136 1653 georgicis
1160 1608 1361 1643 inridendis
1383 1620 1421 1643 se
1445 1609 1508 1644 ab-

799 1652 967 1687 stinuisse
1000 1653 1168 1687 videntur
1200 1654 1385 1698 malevoli,
1418 1655 1511 1689 nihil

63 1700 101 1732 et
115 1697 208 1732 forte
225 1703 454 1742 praesentem
475 1702 771 1743 spectantemque
799 1702 896 1732 certe
911 1699 955 1732 de
973 1698 1017 1732 iis
1032 1697 1226 1733 Suetonius
1242 1704 1509 1744 commemorat,

63 1742 268 1789 Vergilium
289 1748 482 1777 veneratus
505 1748 559 1778 est
588 1743 640 1778 sic
668 1744 772 1787 quasi
799 1743 869 1777 nisi
890 1743 1066 1778 recitante
1090 1749 1198 1789 poeta
1220 1745 1251 1786 (I
1273 1746 1352 1788 299)
1377 1746 1510 1780 ‘nudus

63 1788 300 1834 Augustum.’
324 1789 491 1824 bucolica
507 1793 583 1822 tum
600 1790 770 1834 populum

63 1834 245 1868 audivisse
258 1834 447 1879 probabile
460 1834 668 1879 est,quippe
680 1845 772 1879 quae

800 1800 881 1833 ara,
911 1800 989 1823 sere
1018 1790 1152 1823 nudus'
1186 1791 1412 1835 supplevisse
1446 1792 1510 1825 ali-

800 1845 907 1879 quem
924 1834 1096 1869 ‘habebis
1110 1835 1245 1881 frigore
1260 1836 1423 1870 febrem'
1446 1837 1511 1871 sed

65 1878 256 1914 Suetonius
281 1882 328 1924 (p.
347 1880 402 1922 60,
420 1880 441 1914 6
457 1880 516 1923 R.)
541 1890 582 1914 eo
606 1891 774 1914 successu
799 1880 836 1913 in
867 1879 1071 1914 Aeneidem
1104 1881 1337 1915 acerbissime
1375 1882 1511 1916 invecti

64 1924 164 1959 edita
187 1935 265 1959 esse
287 1925 495 1969 tradiderit,
520 1928 560 1959 ut
581 1925 619 1958 in
643 1936 773 1959 scaena

65 1979 206 2014 quoque
238 1980 305 2015 per
337 1974 502 2004 cantores
535 1971 661 2005 crebro
693 1981 772 2015 pro-

801 1929 883 1959 sunt
904 1925 1053 1959 inimici.
1088 1926 1203 1960 edidit
1231 1927 1403 1961 adversus
1431 1939 1512 1961 eam

801 1970 982 2005 Carbilius
1004 1970 1130 2005 Pictor
1157 1971 1310 2016 librum,
1335 1973 1435 2006 cuius
1457 1973 1511 2007 in-

64 2015 330 2049 nuntiarentur:
364 2016 428 2050 sed
459 2015 643 2060 publicam
675 2016 773 2050 illam
800 2016 948 2061 scriptio
971 2015 1042 2050 fuit
1062 2017 1330 2052 Aeneomastix.
1355 2018 1403 2052 M.
1421 2018 1512 2063 Vip-

65 2060 333 2094 venerationem
350 2060 536 2096 Maternus
561 2072 772 2095 commemo-

66 2114 163 2139 rasse
184 2105 343 2150 videtur,
371 2110 412 2140 ut
434 2110 607 2151 quantam
631 2106 774 2141 omnino

67 2149 284 2185 carminibus
302 2151 376 2185 suis
393 2152 490 2196 apud
507 2152 680 2196 populum
694 2163 773 2197 gra-

802 2062 923 2095 sanius
936 2061 1106 2107 Agrippa
1119 2073 1140 2096 a
1154 2062 1368 2097 Maecenate
1381 2064 1512 2109 Vergi-

802 2107 888 2140 lium
906 2108 1151 2152 ‘suppositum
1168 2108 1380 2153 appellabat
1396 2120 1511 2144 novae

802 2152 1004 2186 cacozeliae
1018 2157 1252 2197 repertorem,
1265 2164 1336 2187 non
1351 2154 1512 2188 tumidae

67 2194 157 2228 tiam
167 2199 275 2239 poeta
287 2197 358 2231 sibi
370 2200 545 2242 parasset,
555 2208 596 2231 eo
612 2198 775 2242 exemplo
801 2208 869 2231 nec
882 2197 996 2241 exilis,
1005 2198 1069 2231 sed
1080 2209 1123 2232 ex
1135 2199 1383 2233 communibus
1391 2200 1513 2233 verbis

66 2241 305 2276 ostenderet75.
315 2242 441 2287 quodsi
450 2243 656 2286 quaerimus
666 2253 774 2287 quae·
802 2246 912 2287 atque
941 2243 1024 2277 ideo
1053 2243 1201 2278 latentis
1210 2244 1218 2257 ’
1227 2244 1267 2279 76.
1307 2244 1513 2279 Herennius

67 2331 201 2357 narravit
218 2331 362 2364 ‘possedit
379 2341 470 2366 prope
484 2335 596 2360 centies
609 2336 775 2361 sestertium
802 2335 975 2367 triumphati
1001 2335 1071 2360 dum
1097 2337 1184 2367 caput
1209 2337 1288 2362 orbis
1313 2337 1383 2362 erit'
1414 2339 1443 2363 et
1467 2345 1514 2363 ars

68 2373 105 2392 ex
119 2366 346 2393 liberalitatibus
359 2369 542 2394 amicorum.¹

802 2372 891 2394 amat.
910 2371 954 2394 ΙΙΙ
967 2371 1016 2396 337
1039 2370 1083 2395 ‘et
1105 2371 1260 2402 profugum
1279 2371 1411 2403 Aenean,
1438 2373 1516 2397 altae

100 2402 133 2426 72
152 2400 233 2426 Suet.
257 2408 286 2432 p.
305 2402 347 2434 57,
367 2403 382 2428 7
408 2402 522 2428 ‘cetera
546 2411 617 2428 sane
642 2404 724 2429 vitae
748 2407 777 2429 et
803 2405 1097 2435 primordiaRomae,
1112 2412 1170 2436 quo
1183 2405 1390 2431 nullumLatio
1406 2406 1514 2431 clarius

67 2434 132 2460 ore'
159 2433 282 2465 (‘more'
308 2437 384 2461 coni.
403 2436 598 2469 Ribbeckius)

66 2470 128 2493 tam
140 2469 265 2499 probum
280 2472 403 2501 constat,
417 2472 449 2496 ut
461 2472 586 2503 Neapoli
600 2472 776 2497 Parthenias

66 2502 154 2533 vulgo
168 2503 332 2533 appellatus
345 2504 402 2529 sit.⁷

624 2440 653 2462 et
677 2438 776 2463 animo
804 2441 885 2463 extat
898 2438 988 2469 opus.'

837 2473 868 2498 76
888 2473 924 2497 cf.
946 2472 1072 2502 Quintil.
1087 2473 1157 2498 vm
1175 2474 1200 2505 3,
1221 2473 1254 2499 56
1272 2470 1459 2507 ικοεκόζιμῖον,
1486 2473 1517 2498 id

803 2509 847 2531 est
878 2507 958 2531 mala
989 2507 1164 2537 adfectatio,
1197 2515 1251 2538 per
1280 2515 1368 2533 omne
1398 2508 1518 2533 dicendi

101 2538 134 2562 ‘13
153 2537 393 2563 cf.Bucol.V164
406 2546 482 2570 sqq.;
496 2539 567 2565 vm
580 2540 595 2563 9
609 2547 666 2570 sq.:
680 2539 720 2564 IX
735 2540 776 2565 35.
803 2547 894 2571 genus
913 2543 1030 2572 peccat:
1050 2548 1119 2565 nam
1141 2544 1170 2566 et
1188 2541 1303 2566 tumida
1321 2544 1350 2566 et
1368 2542 1476 2573 pusilla
1489 2544 1518 2567 et

101 2571 135 2596 74
153 2569 233 2595 Suet.
246 2578 274 2601 p.
287 2570 329 2601 57,
343 2572 376 2596 11
394 2571 487 2598 ‘bona
505 2576 604 2598 autem
625 2574 776 2599 cuiusdam
803 2575 976 2604 praedulcia
1002 2577 1031 2599 et
1062 2575 1246 2600 abundantia
1271 2577 1299 2600 et
1323 2577 1464 2600 arcessita
1489 2577 1518 2600 et

67 2604 215 2629 exulantis
236 2605 378 2630 offerente
395 2606 527 2638 Augusto
552 2614 613 2631 non
638 2609 777 2632 sustinuit
803 2608 969 2633 exultantia
988 2609 1041 2633 sub
1063 2609 1141 2634 idem
1161 2616 1271 2634 nomen
1293 2610 1410 2634 eadunt.
1436 2610 1519 2634 deni-

67 2638 222 2669 accipere.'

803 2649 859 2672 que
880 2643 1038 2667 cacozelon
1058 2646 1190 2674 vocatur,
1217 2643 1359 2675 quidquid
1382 2645 1425 2668 est
1443 2644 1521 2668 ultra

102 2673 135 2698 75
158 2673 194 2697 cf.
215 2672 299 2697 Ovid.
323 2680 416 2698 amor.
435 2674 448 2698 1
466 2675 507 2702 15,
528 2675 561 2699 25
586 2673 723 2708 ‘Tityrus
749 2677 778 2700 et
804 2677 954 2706 virtutem,
977 2677 1114 2707 quotiens
1133 2678 1288 2709 ingenium
1307 2677 1420 2702 iudicio
1440 2680 1520 2702 caret

67 2705 165 2739 fruges
188 2706 359 2741 Aeneiaque
388 2715 470 2734 arma.
500 2709 650 2742 legentur,
682 2710 778 2736 Roma
805 2712 834 2735 et
846 2711 945 2743 specie
958 2711 1031 2736 boni
1045 2711 1167 2742 fallitur,
1189 2712 1321 2736 omnium
1335 2712 1367 2736 in
1381 2711 1520 2745 eloquen-

1241 2756 1290 2784 Bai-
