1660 2847
569 130 822 168 AENEIDOS
846 131 942 166 LIB.
959 131 1026 168 lV.

123 237 272 279 Iliacas
297 237 424 293 igitur
447 237 601 278 classes
627 242 751 290 atque
775 235 922 278 ultima
946 235 1157 277 Teucrum

123 299 237 342 iussa
261 300 434 354 sequar?
464 299 614 353 quiane
639 298 793 339 auxilio
818 299 935 339 iuvat
958 305 1053 340 ante
1077 299 1236 341 levatos

124 368 166 402 et
188 361 295 404 bene
319 361 432 417 apud
456 376 659 402 memores
685 361 836 402 veteris
861 367 943 402 stat
965 361 1100 415 gratia
1125 361 1249 402 facti?

71 455 76 458 >
123 424 215 478 quis
239 439 306 465 me
330 431 481 472 autem,
506 423 573 464 fac
598 423 718 472 velle,
745 423 850 464 sinet
873 422 1085 464 ratibusve
1111 423 1300 478 superbis

121 486 298 528 invisam
323 485 519 540 accipiet?
544 485 678 526 nescis
704 485 798 534 heu,
825 485 1000 539 perdita,
1026 485 1205 526 necdum

122 547 459 591 Laomedonteae
485 547 612 588 sentis
636 547 818 601 periuria
841 547 1002 602 gentis?

122 610 222 664 quid
245 609 358 650 tum?
387 609 475 650 sola
499 609 601 664 fuga
625 616 772 650 nautas
799 608 1029 650 comitabor
1054 609 1239 651 ovantis?

122 687 174 712 an
198 671 336 726 Tyriis
362 670 558 724 omnique
584 686 711 712 manu
737 671 887 726 stipata
911 685 1101 712 meorum

119 733 274 774 inferar
299 740 351 782 et,
375 747 479 786 quos
506 732 680 774 Sidonia
703 733 773 773 vix
798 733 901 774 urbe
926 733 1083 782 revelli,

119 810 261 836 rursus
287 810 409 850 agam
432 795 582 850 pelago
608 802 647 836 et
673 795 807 836 ventis
833 795 933 836 (lare
958 794 1051 836 vela
1075 795 1255 837 iubebo?

120 858 221 911 quin
244 872 418 906 morere,
443 865 490 898 ut
514 857 659 898 merita
685 872 741 906 es,
767 857 960 910 ferroque
986 865 1126 899 averte
1153 859 1351 902 dolorem,

119 926 162 960 tu
189 919 368 960 lacrimis
395 919 528 961 evicta
552 919 668 968 meis,
695 927 739 960 tu
764 919 898 974 prima
922 919 1131 961 furentem

119 981 194 1031 his,
220 997 433 1037 germana,
458 981 577 1022 malis
604 997 750 1023 oneras
775 989 900 1035 atque
926 982 1055 1022 obicis
1081 982 1200 1024 hosti.

117 1059 201 1084 non
225 1043 342 1086 licuit
365 1044 535 1085 thalami
562 1051 774 1099 expertem
799 1044 887 1086 sine
913 1044 1082 1085 crimine
1109 1045 1236 1087 vitam

119 1106 283 1161 degere,
308 1121 422 1147 more
448 1106 573 1155 ferae,
600 1106 691 1147 talis
716 1121 794 1147 nec
819 1114 990 1161 tangere
1017 1121 1155 1148 curas:

116 1182 200 1209 non
224 1174 387 1209 servata
409 1168 512 1209 fides
537 1168 664 1209 cineri
688 1169 894 1223 promissa
920 1167 1141 1223 Sychaeo?

117 1237 250 1272 tantos
274 1230 345 1271 illa
369 1245 445 1271 suo
470 1231 693 1285 rumpebat
716 1238 883 1286 pectore
908 1238 1092 1284 questus.

173 1292 340 1334 Aeneas
366 1293 475 1334 celsa
498 1292 541 1333 in
566 1293 709 1348 puppi,
734 1292 818 1333 iam
843 1300 978 1334 certus
1004 1293 1143 1343 eundi,

117 1355 315 1409 carpebat
338 1369 518 1404 somnos,
544 1355 668 1396 rebus
693 1355 775 1395 iam
800 1355 877 1396 rite
902 1355 1068 1410 paratis.

117 1416 213 1457 huic
238 1432 281 1458 se
305 1417 438 1459 forma
463 1417 529 1458 dei
554 1418 668 1458 voltu
692 1418 904 1459 redeuntis
931 1417 1078 1459 eodem

117 1479 265 1520 obtulit
289 1479 331 1520 in
357 1481 511 1520 somnis
535 1494 761 1534 rursusque
786 1480 843 1521 ita
868 1480 957 1521 visa
981 1495 1148 1522 monere
1175 1488 1250 1531 est,

117 1541 256 1582 omnia
279 1542 491 1583 Mercurio
518 1542 675 1591 similis,
703 1557 930 1596 vocemque
955 1542 1220 1597 coloremque

117 1611 156 1645 et
182 1604 304 1644 crinis
329 1605 457 1645 flavos
482 1611 523 1645 et
548 1605 736 1646 membra
762 1605 911 1646 decora
935 1605 1148 1646 iuventae:

118 1670 231 1708 ‘nate
256 1667 348 1716 dea,
372 1674 490 1722 potes
516 1667 595 1708 hoc
620 1668 698 1708 sub
724 1682 823 1708 casu
850 1667 1001 1708 ducere
1026 1682 1206 1718 somnos,

115 1744 192 1770 nec
216 1743 323 1782 quae
348 1736 386 1771 te
411 1730 566 1770 circum
592 1737 702 1771 stent
729 1730 877 1772 deinde
903 1730 1087 1785 pericula
1112 1731 1259 1782 cernis,

117 1791 299 1841 demens,
325 1807 402 1833 nec
426 1792 630 1847 zephyros
656 1793 774 1834 audis
800 1793 956 1847 spirare
982 1793 1212 1835 secundos?

116 1854 186 1895 illa
209 1854 325 1895 dolos
351 1855 570 1909 dirumque
595 1855 713 1896 nefas
738 1855 780 1895 in
804 1862 971 1909 pectore
996 1862 1146 1905 versat,

117 1924 229 1958 certa
251 1916 369 1967 mori,
394 1918 591 1970 varioque
615 1917 772 1958 irarum
796 1919 969 1959 fluctuat
993 1925 1123 1959 aestu.

116 1993 199 2019 non
223 1979 334 2033 fugis
360 1979 455 2020 hinc
479 1994 693 2034 praeceps,
720 1980 819 2020 dum
844 1980 1116 2034 praecipitare
1141 1983 1349 2035 potestas?

116 2041 199 2081 iam
223 2056 336 2082 mare
360 2042 518 2082 turbari
544 2042 730 2082 trabibus
757 2057 985 2095 saevasque
1010 2043 1170 2084 videbis

118 2103 333 2144 conlucere
359 2103 485 2153 faces,
512 2104 592 2144 iam
619 2105 780 2145 fervere
805 2104 924 2144 litora
948 2105 1138 2155 flammis,

118 2165 151 2206 si
176 2172 215 2206 te
240 2165 302 2207 his
328 2166 509 2222 attigerit
534 2167 651 2208 terris
676 2167 844 2207 Aurora
868 2174 1111 2209 morantem.

116 2227 211 2268 heia
234 2243 324 2282 age,
348 2244 495 2283 rumpe
520 2243 668 2270 moras.
695 2229 855 2270 varium
881 2235 922 2269 et
945 2230 1144 2272 mutabile
1169 2246 1333 2288 semper

117 2289 297 2331 femina.’
345 2291 403 2331 sic
427 2291 538 2331 fatus
563 2291 673 2332 nocti
699 2306 742 2331 se
766 2291 976 2332 inmiscuit
1000 2299 1126 2333 atrae.

173 2351 284 2392 Tum
309 2366 406 2393 vero
431 2353 598 2394 Aeneas
625 2352 772 2394 subitis
797 2353 1015 2395 exterritus
1040 2355 1199 2396 umbris

118 2413 286 2468 corripit
309 2429 331 2455 e
357 2429 500 2456 somno
526 2430 675 2470 corpus
702 2415 916 2469 sociosque
941 2417 1105 2472 fatigat:

118 2476 384 2531 ‘praecipites
409 2477 591 2533 vigilate,
617 2477 706 2526 viri,
734 2485 774 2518 et
798 2478 997 2520 considite
1023 2479 1229 2530 transtris3

118 2538 263 2579 solvite
288 2539 380 2580 vela
405 2539 486 2580 citi.
536 2540 637 2581 deus
663 2540 828 2581 aethere
853 2541 1003 2582 missus
1029 2542 1082 2582 ab
1108 2543 1189 2583 alto

116 2599 312 2642 festinare
337 2601 482 2657 fugam
507 2608 719 2657 tortosque
744 2602 925 2645 incidere
949 2603 1060 2645 funis

1162 2671 1235 2706 11³⁶

1391 122 1471 166 163

1496 435 1561 466 540

1494 744 1558 776 545

1492 1060 1558 1092 550

1491 1372 1555 1403 555

1489 1683 1553 1715 560

1487 1995 1551 2027 565

1486 2309 1551 2339 570

1485 2618 1549 2651 575
