1628 2847
486 131 740 169 AENEIDOS
763 132 858 170 LIB.
881 132 950 169 XI.

1311 124 1393 168 309

48 253 160 281 nunc
185 245 225 281 et
243 237 559 294 Myrmidonum
578 251 770 292 proceres
787 236 976 293 Phrygia
995 253 1110 280 arma
1129 243 1394 288 tremescunt,

52 301 180 357 [nunc
205 308 246 343 et
269 300 454 355 Tydides
480 306 520 341 et
543 299 768 341 Larisaeus
794 299 1015 356 Achilles,]

49 363 180 405 amnis
205 370 246 405 et
269 362 501 403 Hadriacas
526 368 635 403 retro
660 362 770 417 fugit
793 361 975 403 Aufidus
1000 362 1147 403 undas.

49 425 116 466 vel
142 440 236 467 cum
262 440 306 466 se
329 424 529 479 pavidum
555 430 698 465 contra
722 439 814 465 mea
838 424 975 479 iurgia
999 424 1120 479 fingit

49 486 214 528 artificis
240 487 374 528 scelus
400 493 440 527 et
464 486 684 527 formidine
709 486 864 527 crimen
889 486 1069 527 acerbat.

48 563 277 603 numquam
300 548 480 589 animam
505 549 630 590 talem
655 549 800 590 dextra
823 548 903 589 hac
929 548 1099 600 (absiste
1123 548 1298 602 moveri)

48 610 229 652 amittes:
254 610 412 651 habitet
437 616 575 652 tecum
600 617 639 651 et
665 610 718 652 sit
741 616 907 664 pectore
931 610 974 651 in
998 611 1090 652 isto.

46 688 158 715 nunc
181 672 234 714 ad
257 680 297 714 te
323 679 363 714 et
387 679 459 714 tua
482 688 649 728 magna,
675 679 804 727 pater,
830 673 1019 714 consulta
1044 679 1240 715 revertor.

47 735 82 776 si
106 735 263 776 nullam
287 735 436 776 nostris
460 735 570 776 ultra
595 749 712 789 spem
735 735 854 789 ponis
878 735 921 775 in
946 734 1084 782 armis,

47 796 81 837 si
104 803 188 838 tam
214 798 364 839 deserti
389 813 530 839 sumus
557 804 596 839 et
621 798 748 839 semel
773 797 940 852 agmine
965 811 1084 838 verso

45 859 233 901 funditus
258 860 486 901 occidimus
512 874 648 914 neque
673 859 800 901 habet
824 860 1013 901 Fortuna
1037 875 1287 914 regressum,

45 936 209 963 oremus
234 937 379 977 pacem
405 930 445 964 et
470 923 635 963 dextras
661 922 880 964 tendamus
905 922 1060 963 inertis.

45 999 297 1038 quamquam
322 1000 346 1026 o
371 985 406 1026 si
431 986 574 1026 solitae
600 985 824 1039 quicquam
848 985 1010 1026 virtutis
1037 985 1216 1027 adesset!

43 1047 111 1088 ille
137 1047 237 1087 mihi
262 1055 356 1089 ante
383 1048 484 1088 alios
508 1048 826 1100 fortunatusque
850 1047 1041 1088 laborum

44 1109 320 1164 egregiusque
346 1109 484 1158 animi,
510 1109 594 1163 qui,
620 1109 775 1163 nequid
800 1110 881 1151 tale
905 1109 1076 1159 videret,

44 1171 265 1225 procubuit
289 1171 468 1213 moriens
495 1179 536 1213 et
559 1171 734 1212 humum
759 1171 886 1213 semel
911 1186 982 1213 ore
1007 1172 1239 1213 momordit.

43 1233 106 1274 sin
132 1241 171 1274 et
196 1248 294 1288 opes
318 1234 438 1275 nobis
464 1240 503 1275 et
530 1233 666 1275 adhuc
690 1234 846 1275 intacta
869 1234 1063 1275 iuventus

43 1295 278 1349 auxilioque
302 1296 427 1337 urbes
450 1296 582 1337 Italae
605 1296 830 1350 populique
857 1303 1089 1350 supersunt,

42 1358 105 1399 sin
131 1366 170 1399 et
195 1358 386 1399 Troianis
412 1373 507 1399 cum
531 1358 661 1399 multo
686 1359 819 1413 gloria
843 1358 957 1400 venit

43 1420 244 1475 sanguine
270 1421 382 1472 (sunt
406 1420 485 1461 illis
511 1435 585 1461 sua
610 1420 771 1470 funera,
796 1434 954 1475 parque
979 1435 1053 1475 per
1077 1420 1211 1462 omnis

43 1483 282 1536 tempestas)
308 1497 381 1523 cur
404 1482 619 1524 indecores
644 1482 687 1523 in
711 1482 851 1523 limine
875 1482 1008 1537 primo

43 1544 281 1585 deficimus?
306 1558 378 1585 cur
404 1552 498 1585 ante
523 1544 668 1585 tubam
693 1550 847 1585 tremor
871 1551 1047 1599 occupat
1071 1545 1210 1586 artus?

40 1606 172 1647 multa
196 1606 282 1647 dies
306 1606 493 1660 variique
518 1606 636 1647 labor
659 1607 869 1648 mutabilis
895 1607 986 1648 aevi

41 1668 198 1709 rettulit
221 1669 263 1709 in
287 1669 448 1718 melius,
474 1669 625 1710 multos
651 1669 808 1711 alterna
832 1669 1016 1710 revisens

40 1731 140 1772 lusit
163 1738 204 1773 et
227 1731 270 1772 in
294 1732 426 1772 solido
451 1746 593 1772 rursus
618 1732 805 1772 Fortuna
828 1732 993 1773 locavit.

40 1808 124 1834 non
149 1793 224 1834 erit
249 1793 402 1835 auxilio
427 1794 547 1834 nobis
572 1794 748 1835 Aetolus
776 1802 816 1835 et
839 1794 965 1849 Arpi:

41 1863 83 1898 at
106 1857 328 1911 Messapus
353 1856 431 1898 erit
454 1857 636 1911 felixque
661 1857 910 1899 Tolumnius
936 1864 976 1899 et
1000 1871 1103 1910 quos

41 1925 102 1959 tot
125 1919 268 1973 populi
291 1918 439 1960 misere
465 1919 605 1968 duces,
630 1934 707 1961 nec
731 1935 861 1974 parva
886 1927 1082 1973 sequetur

40 1980 173 2036 gloria
198 1981 377 2022 delectos
402 1981 526 2022 Latio
552 1989 591 2022 et
616 1982 900 2023 Laurentibus
926 1982 1049 2035 agris.

42 2050 104 2084 est
128 2050 168 2085 et
191 2043 438 2086 Volscorum
464 2043 632 2098 egregia
657 2044 707 2085 de
732 2050 855 2098 gente
882 2041 1073 2092 Camilla,

41 2120 192 2160 agmen
216 2120 344 2160 agens
369 2105 555 2159 equitum
581 2112 620 2147 et
644 2105 826 2147 florentis
852 2120 945 2147 aere
971 2112 1170 2147 catervas.

42 2167 154 2221 quod
179 2167 212 2208 si
235 2183 301 2209 me
327 2168 460 2209 solum
485 2167 638 2209 Teucri
661 2168 703 2209 in
728 2168 953 2210 certamina
977 2175 1152 2223 poscunt

39 2230 166 2283 idque
190 2230 326 2284 placet
349 2237 593 2284 tantumque
617 2230 736 2272 bonis
762 2230 1052 2271 communibus
1079 2230 1210 2279 obsto,

40 2308 124 2334 non
148 2292 250 2334 adeo
275 2292 350 2333 has
375 2307 500 2334 exosa
525 2308 671 2334 manus
697 2293 882 2335 Victoria
905 2293 1027 2347 fugit,

40 2362 88 2395 ut
110 2361 225 2395 tanta
248 2355 470 2408 quicquam
495 2369 569 2409 pro
594 2370 666 2409 spe
692 2361 893 2410 temptare
917 2369 1118 2396 recusem.

40 2417 110 2458 ibo
135 2417 280 2458 animis
305 2424 460 2466 contra,
486 2417 553 2459 vel
576 2432 776 2472 magnum
800 2424 982 2472 praestet
1005 2417 1215 2458 Achillem

41 2480 234 2532 factaque
259 2480 434 2522 Volcani
458 2479 649 2520 manibus
674 2479 790 2534 paria
813 2479 958 2520 induat
982 2494 1097 2520 arma

41 2541 109 2582 ille
133 2541 239 2582 licet.
287 2541 405 2582 vobis
431 2542 610 2582 animam
635 2541 740 2582 hanc
767 2555 992 2594 soceroque
1017 2540 1170 2582 Latino

43 2603 210 2645 Turnus
236 2618 328 2659 ego,
353 2603 466 2645 haud
489 2604 562 2646 ulli
586 2610 774 2646 veterum
798 2603 948 2647 virtute
973 2603 1192 2652 secundus,

1418 373 1482 404 405

1418 684 1483 714 410

1417 995 1482 1027 415

1415 1307 1481 1338 420

1413 1619 1477 1649 425

1413 1930 1478 1962 430

1409 2241 1474 2272 435

1408 2553 1473 2583 440
