1622 2847
529 142 821 180 GEORGICON
844 144 939 179 LIB.
963 144 1032 179 ΠΙ.

107 249 345 290 volneribus
370 248 538 298 crebris,
563 249 663 290 lavit
689 256 776 290 ater
801 262 974 303 corpora
998 248 1184 303 sanguis,

106 325 309 365 versaque
332 310 374 352 in
400 311 574 352 obnixos
598 318 801 365 urgentur
825 325 981 352 cornua
1005 318 1122 351 vasto

107 387 201 414 cum
225 373 396 427 gemitu,
421 374 593 414 reboant
620 374 833 426 silvaeque
858 380 899 414 et
922 373 1072 431 longus
1099 371 1322 428 Olympus.

105 450 183 477 nec-
206 449 294 476 mos
319 435 510 477 bellantis
534 451 618 477 una
642 436 865 484 stabulare,
892 435 966 476 sed
991 436 1094 476 alter

105 497 239 539 victus
264 497 351 538 abit
374 498 581 553 longeque
605 497 758 553 ignotis
784 497 926 538 exulat
950 497 1045 546 oris,

104 559 236 600 multa
258 574 430 614 gemens
454 560 725 614 ignominiam
750 559 979 614 plagasque
1005 559 1176 614 superbi

105 621 286 670 victoris,
312 628 400 662 tum
425 636 529 676 quos
555 622 693 663 amisit
715 621 872 663 inultus
898 636 1074 670 amoreS‚

105 689 147 724 et
170 683 334 725 stabula
360 691 576 739 aspectans
602 684 741 739 regnis
767 683 946 725 excessit
969 683 1104 725 avitis.

105 760 204 800 ergo
230 746 342 787 omni
367 760 466 788 cura
490 747 590 787 viris
616 758 782 788 exercet
806 753 847 788 et
869 746 976 787 inter

105 808 208 849 dura
231 808 339 850 iacet
362 809 505 864 pernix
528 809 701 850 instrato
726 824 827 849 saxa
852 808 992 857 cubili,

104 870 324 912 frondibus
349 871 517 913 hirsutis
543 878 584 914 et
608 870 742 912 carice
766 878 909 926 pastus
935 877 1070 919 acuta,

104 939 145 974 et
168 939 344 988 temptat
366 948 456 976 sese
481 940 606 988 atque
629 933 753 974 irasci
777 934 819 974 in
844 948 1000 974 cornua
1025 933 1146 973 discit

104 995 261 1036 arboris
287 996 465 1037 obnixus
490 1003 636 1038 trunco
662 1003 892 1049 ventosque
916 995 1082 1037 lacessit

102 1057 253 1098 ictibus
279 1065 319 1099 et
342 1073 486 1113 sparsa
510 1058 563 1099 ad
587 1073 773 1113 pugnam
798 1058 981 1112 proludit
1005 1058 1173 1098 harena.

102 1127 197 1174 post
221 1120 292 1161 ubi
317 1121 535 1162 collectum
558 1121 685 1161 robur
708 1120 901 1173 viresque
925 1120 1119 1169 refectae,

103 1183 223 1236 signa
246 1190 386 1224 movet
409 1197 692 1238 praecepsque
718 1182 895 1224 oblitum
919 1182 1050 1223 fertur
1074 1182 1116 1222 in
1142 1181 1322 1223 hostem:

102 1244 252 1285 fluctus
277 1245 338 1285 uti
361 1245 497 1286 medio
523 1245 659 1300 coepit
683 1259 779 1286 cum
804 1244 1015 1286 albescere
1040 1252 1179 1300 ponto,

101 1306 267 1362 longius
292 1322 343 1348 ex
368 1308 535 1362 altoque
561 1307 697 1348 sinum
722 1306 860 1356 trahit,
886 1314 1015 1361 utque
1041 1307 1207 1348 volutus

104 1369 157 1409 ad
182 1377 310 1410 terras
335 1370 514 1411 immane
540 1376 658 1410 sonat
683 1384 757 1424 per
781 1384 895 1419 saxa,
920 1384 1056 1423 neque
1080 1369 1170 1424 ipso

101 1438 240 1472 monte
264 1431 398 1473 minor
421 1432 673 1487 procumbit3
700 1438 743 1473 at
765 1431 850 1472 ima
875 1439 1089 1473 exaestuat
1114 1431 1227 1472 unda

102 1494 325 1535 verticibus
348 1494 595 1549 nigramque
621 1494 702 1536 alte
728 1493 933 1535 subiectat
958 1494 1169 1535 harenam.

1400 134 1454 176 63

1480 815 1546 845 230

1474 1438 1540 1469 240

159 1555 298 1598 Omne
323 1557 426 1599 adeo
450 1572 583 1612 genus
607 1557 650 1598 in
675 1557 792 1598 terris
818 1556 1117 1610 hominumque
1144 1556 1422 1611 ferarumque,

103 1626 144 1660 et
166 1634 299 1674 genus
323 1634 588 1673 aequoreum,
614 1619 797 1674 pecudes
821 1619 1040 1673 pictaeque
1065 1619 1255 1660 volucres

101 1681 143 1722 in
168 1682 296 1723 furias
320 1682 544 1737 ignemque
568 1688 712 1723 ruunt:
739 1696 854 1722 amor
878 1681 1070 1722 omnibus
1095 1681 1219 1722 idem.

102 1751 288 1799 tempore
312 1759 395 1785 non
421 1745 501 1785 alio
526 1745 758 1786 catulorum
784 1744 912 1785 oblita
936 1745 1082 1785 leaena

102 1806 263 1848 saevior
287 1807 439 1848 erravit
463 1807 632 1862 campis,
657 1821 736 1848 nec
759 1806 908 1848 funera
933 1807 1057 1861 volgo

102 1876 187 1910 tam
212 1870 342 1910 multa
365 1869 562 1911 informes
587 1870 673 1910 ursi
697 1877 964 1924 stragemque
990 1869 1142 1910 dedere

102 1947 176 1986 per
201 1932 326 1973 silvas
336 1949 346 1981 3
373 1939 461 1973 tum
487 1947 637 1973 saevus
663 1948 775 1987 aper,
800 1939 889 1973 tum
914 1933 1097 1987 pessima
1121 1931 1260 1987 tigris;

102 1994 184 2036 heu
209 1995 315 2036 male
340 2002 428 2036 tum
453 1995 617 2049 Libyae
643 1995 739 2036 solis
765 2001 926 2036 erratur
949 1995 991 2035 in
1017 1995 1138 2049 agris.

102 2072 240 2098 nonne
264 2057 394 2106 vides,
420 2065 467 2098 ut
491 2065 577 2098 tota
603 2064 756 2099 tremor
778 2064 1028 2113 pertemptet
1053 2072 1255 2111 equorum

103 2134 287 2174 corpora,
313 2120 347 2160 si
371 2127 534 2161 tantum
557 2128 676 2161 notas
702 2120 804 2160 odor
829 2120 965 2161 attulit
990 2120 1136 2160 auras?

103 2196 152 2223 ac
173 2196 308 2236 neque
333 2197 401 2224 eos
426 2183 509 2223 iam
533 2182 653 2223 frena
677 2183 812 2223 virum
836 2197 971 2236 neque
996 2183 1169 2223 verbera
1194 2196 1332 2230 saeva,

102 2259 185 2285 non
210 2245 369 2299 scopuli
394 2259 603 2299 rupesque
628 2259 755 2286 cavae
780 2251 905 2298 atque
930 2244 1092 2286 obiecta
1116 2244 1329 2286 retardant

102 2307 274 2348 fiumina
297 2316 591 2362 correptosque
615 2307 728 2348 unda
752 2307 987 2361 torquentia
1010 2314 1185 2348 montes.

101 2368 191 2423 ipse
215 2369 298 2409 ruit
321 2370 548 2424 dentesque
575 2368 808 2412 Sabellicus
834 2370 1001 2411 exacuit
1024 2385 1106 2418 su&

104 2438 145 2472 et
167 2431 272 2486 pede
296 2432 530 2487 prosubigit
553 2439 719 2482 terram,
744 2432 868 2474 fricat
892 2433 1038 2473 arbore
1064 2439 1213 2481 costas,

104 2501 228 2546 atque
253 2493 348 2535 hinc
373 2501 497 2548 atque
521 2495 634 2536 illinc
657 2509 823 2536 umeros
848 2495 901 2535 ad
926 2495 1097 2536 volnera
1121 2495 1255 2535 durat.

102 2555 202 2609 quid
226 2556 400 2605 iuvenis,
425 2572 624 2612 magnum
651 2557 717 2598 cui
740 2565 878 2599 versat
901 2557 943 2597 in
969 2557 1130 2598 ossibus
1156 2557 1298 2611 ignem

104 2617 232 2659 durus
256 2620 397 2660 amor?
421 2634 571 2674 nempe
597 2619 783 2676 abruptis
808 2619 975 2660 turbata
999 2619 1190 2674 procellis

1476 1750 1540 1781 245

1478 2062 1543 2093 250

1478 2375 1541 2407 255
