1660 2847
586 131 838 168 AENEIDOS
862 132 958 167 LIB.
984 132 1030 169 V.
1403 122 1483 165 179

140 237 330 287 concidit,
355 244 402 279 ut
424 237 634 290 quondam
661 249 763 277 cava
788 236 968 277 concidit
991 243 1063 277 aut
1087 235 1348 291 Erymantho

139 307 212 340 aut
234 300 312 340 Ida
335 299 378 340 in
401 314 554 354 magna
578 298 787 339 radicibus
813 306 930 339 eruta
954 298 1089 352 pinus.

140 367 396 416 consurgunt
419 361 566 401 studiis
591 360 744 402 Teucri
769 367 809 402 et
833 360 1050 401 Trinacria
1073 360 1220 415 pubes,
1507 369 1573 400 450

137 423 170 464 it
195 424 349 464 clamor
373 423 502 471 caelo,
528 422 769 478 primusque
795 422 973 463 accurrit
996 424 1172 464 Acestes

140 499 480 539 aequaevumque
505 485 558 526 ab
582 484 709 525 humo
735 484 936 525 miserans
961 485 1112 526 attollit
1135 484 1327 526 amicum.

138 554 180 588 at
203 562 286 588 non
310 547 495 588 tardatus
521 561 620 588 casu
645 562 780 600 neque
805 547 970 588 territus
997 547 1116 588 heros

138 609 270 651 acrior
293 609 347 650 ad
371 624 555 664 pugnam
581 609 687 650 redit
712 624 760 649 ac
784 609 869 649 vim
896 609 1066 649 suscitat
1090 609 1162 650 ira.

137 679 226 712 tum
249 671 383 725 pudor
407 671 592 712 incendit
616 671 724 712 vires
750 678 790 712 et
815 671 980 712 conscia
1005 671 1149 719 virtus,
1508 679 1572 710 455

136 733 487 788 praecipitemque
510 732 655 775 Daren
680 732 829 774 ardens
856 733 944 788 agit
968 747 1147 786 aequore
1172 740 1273 783 toto,

136 810 247 837 nunc
272 795 417 837 dextra
440 795 702 850 ingeminans
726 796 848 845 ictus,
873 811 985 837 nunc
1010 796 1079 837 ille
1105 796 1287 844 sinistra3

135 872 214 899 nec
236 872 365 907 mora,
389 873 466 899 nec
490 859 673 911 requies:
700 872 824 912 quam
849 858 980 899 multa
1004 858 1206 912 grandine
1230 856 1361 899 nimbi

136 919 387 961 culminibus
412 920 626 975 crepitant,
653 921 712 961 sic
737 920 873 961 densis
899 920 1050 961 ictibus
1074 920 1196 961 heros

137 983 282 1024 creber
305 990 480 1036 utraque
505 998 631 1023 manu
656 983 793 1037 pulsat
819 990 1040 1036 versatque
1065 982 1238 1024 Dareta.
1508 990 1574 1022 460

138 1051 227 1085 tum
251 1051 370 1099 pater
394 1046 562 1086 Aeneas
586 1044 810 1099 procedere
834 1045 1000 1099 longius
1024 1044 1106 1085 iras

136 1114 177 1148 et
201 1106 359 1148 saevire
384 1106 529 1147 animis
554 1106 767 1147 Entellum
792 1106 905 1147 haud
930 1121 1077 1161 passus
1104 1106 1278 1155 acerbis,

135 1169 209 1210 sed
233 1169 358 1210 finem
382 1168 577 1223 imposuit
602 1184 768 1223 pugnae
794 1169 1036 1223 fessumque
1060 1168 1220 1210 Dareta

138 1231 301 1285 eripuit,
326 1231 512 1272 mulcens
539 1231 671 1280 dictis,
698 1245 747 1271 ac
771 1231 869 1272 talia
893 1231 1021 1272 fatur:

135 1293 311 1342 ‘infelix,
336 1307 442 1347 quae
467 1300 583 1333 tanta
608 1293 792 1334 animum
818 1293 1027 1334 dementia
1053 1293 1185 1347 cepit?
1508 1303 1573 1334 465

133 1369 217 1396 non
243 1355 340 1396 viris
366 1355 466 1396 alias
493 1369 776 1409 conversaque
801 1356 973 1396 numina
999 1355 1151 1397 sentis?

135 1417 236 1459 cede
262 1417 366 1459 deo?
415 1417 600 1471 dixitque
626 1424 664 1458 et
689 1418 847 1472 proelia
871 1432 972 1459 voce
996 1417 1174 1459 diremit.

134 1487 197 1520 ast
225 1479 343 1520 illum
367 1479 438 1520 fidi
464 1480 672 1533 aequales,
698 1495 838 1535 genua
863 1495 990 1535 aegra
1014 1480 1245 1521 trahentem

132 1542 440 1595 iactantemque
465 1550 641 1595 utroque
667 1549 793 1596 caput
817 1556 1087 1596 crassumque
1113 1557 1302 1583 cruorem

134 1618 204 1645 ore
229 1603 473 1645 eiectantem
498 1604 734 1657 mixtosque
757 1604 799 1644 in
825 1604 1027 1659 sanguine
1054 1604 1211 1653 dentes,
1507 1613 1573 1644 470

134 1667 291 1707 ducunt
316 1665 369 1706 ad
392 1665 522 1714 navis,
549 1666 796 1720 galeamque
822 1680 1046 1719 ensemque
1072 1666 1207 1707 vocati

134 1728 353 1783 accipiunt,
379 1728 561 1782 palmam
586 1728 752 1769 Entello
778 1736 1027 1782 taurumque
1051 1729 1302 1782 relinquunt.

133 1790 201 1831 hic
225 1790 368 1839 victor,
395 1805 596 1845 superans
622 1790 770 1831 animis
795 1799 998 1844 tauroque
1025 1791 1243 1845 superbus,

135 1856 249 1893 ‘nate
274 1852 352 1894 dea
376 1867 533 1906 vosque
558 1852 678 1893 haec'
705 1853 836 1906 inquit
862 1854 1133 1908 ‘cognoscite,
1159 1853 1325 1902 Teucri,

135 1922 176 1956 et
198 1914 298 1956 mihi
323 1929 430 1969 quae
455 1914 610 1956 fuerint
632 1915 815 1957 iuvenali
839 1916 881 1956 in
907 1931 1078 1971 corpore
1105 1917 1227 1965 vires,
1506 1926 1570 1957 475

135 1984 175 2018 et
198 1991 281 2030 qua
306 1977 476 2019 servetis
501 1985 742 2019 revocatum
767 1993 792 2018 a
815 1986 947 2019 morte
972 1978 1158 2020 Dareta.9

136 2039 238 2080 dixit
263 2046 304 2081 et
327 2039 490 2081 adversi
516 2048 659 2080 contra
684 2040 795 2081 stetit
820 2055 892 2080 ora
916 2041 1093 2090 iuvenci,

135 2102 206 2154 qui
231 2101 385 2142 donum
411 2101 602 2142 adstabat
625 2117 806 2156 pugnae,
833 2102 1042 2156 durosque
1066 2102 1239 2144 reducta

134 2163 300 2204 libravit
323 2163 470 2204 dextra
494 2164 630 2204 media
655 2165 762 2204 inter
787 2178 942 2205 cornua
967 2172 1143 2213 caestus,

135 2225 303 2274 arduus,
329 2225 584 2279 effractoque
608 2226 735 2267 inlisit
759 2226 802 2267 in
827 2241 921 2268 ossa
946 2227 1132 2268 cerebro:
1507 2237 1572 2268 480

135 2287 329 2328 sternitur
354 2288 638 2341 exanimisque
663 2295 843 2330 tremens
869 2289 1105 2344 procumbit
1128 2289 1243 2331 humi
1268 2289 1356 2330 bos.

135 2350 203 2390 ille
229 2364 353 2404 super
377 2351 468 2391 talis
494 2350 672 2391 effundit
695 2358 862 2405 pectore
886 2366 1029 2393 voces:

135 2412 262 2452 ‘hanc
287 2411 374 2460 tibi,
399 2411 530 2467 Eryx,
555 2413 768 2454 meliorem
795 2414 975 2455 animam
999 2429 1074 2469 pro
1099 2421 1229 2455 morte
1254 2415 1423 2456 Daretis

135 2475 345 2529 persolvo3
370 2473 436 2515 hic
460 2475 591 2516 victor
616 2483 780 2516 caestus
806 2483 1020 2530 artemque
1044 2477 1227 2532 repono.'

191 2536 390 2577 Protinus
415 2537 582 2579 Aeneas
609 2537 731 2579 celeri
757 2546 912 2580 certare
938 2539 1088 2593 sagitta
1506 2551 1570 2582 485

134 2598 279 2639 invitat
305 2599 376 2652 qui
400 2598 505 2642 forte
530 2600 659 2641 velint
683 2606 722 2641 et
747 2601 931 2655 praemia
955 2601 1071 2657 ponit

1185 2668 1255 2701 12*
