1622 2847
526 157 817 195 GEORGICON
841 159 935 193 LIB.
961 159 993 194 1.

91 262 224 318 prima
248 261 374 306 Ceres
399 263 508 305 ferro
533 263 716 304 mortalis
741 269 907 304 vertere.
926 270 1079 304 terram

91 325 280 374 instituit,
306 340 400 366 cum
424 326 507 366 iam
532 325 705 381 glandes
732 332 855 378 atque
880 324 1028 366 arbuta
1051 339 1193 366 sacrae

92 387 314 428 deficerent
338 388 465 428 silvae
492 395 532 428 et
556 387 713 428 victum
737 386 918 427 Dodona
942 394 1124 441 negaret.

91 464 188 490 mox
213 457 253 490 et
276 449 494 491 frumentis
520 449 637 490 labor
662 449 839 498 additus,
865 457 910 489 ut
936 449 1046 490 mala
1072 448 1230 490 culmos

92 519 198 552 esset
222 511 367 566 robigo
392 512 615 566 segnisque
639 511 826 552 horreret
850 511 892 551 in
918 511 1028 552 arvis

92 573 268 614 carduus
277 589 287 622 3
313 573 520 615 intereunt
545 580 720 628 segetes,
747 572 857 614 subit
882 566 1028 627 aspera
1052 572 1168 622 silva,

90 635 320 689 lappaeque
345 635 578 688 tribolique,
603 635 792 688 interque
816 635 990 675 nitentia
1016 635 1127 676 culta

89 696 234 738 infelix
257 697 400 738 lolium
425 704 464 738 et
491 697 649 738 steriles
675 696 940 737 dominantur
965 711 1133 738 avenae.

90 759 202 812 quod
226 759 304 800 nisi
330 767 370 800 et
393 759 575 800 adsiduis
601 759 772 800 herbam
797 759 1053 800 insectabere
1078 759 1218 800 rastris

92 827 132 861 et
157 821 293 861 sonitu
317 821 489 862 terrebis
516 836 613 862 aves
639 829 676 862 et
702 821 806 861 ruris
832 821 951 875 opaci

89 882 195 923 falce
220 898 381 937 premes
406 883 596 923 umbram
621 883 809 936 votisque
836 883 1047 924 vocaveris
1072 883 1262 932 imbrem,

89 943 171 986 heu
195 960 392 1000 magnum
418 945 584 986 alterius
610 945 762 985 frustra
787 945 994 1000 spectabis
1019 960 1213 986 acervum

90 1021 373 1061 concussaque
397 1007 551 1049 famem
576 1007 617 1047 in
644 1007 755 1048 silvis
782 1007 967 1048 solabere
993 1022 1161 1061 quercu.

145 1069 380 1111 Dicendum
407 1077 446 1111 et
470 1085 576 1123 quae
602 1070 681 1110 sint
707 1069 820 1110 duris
846 1070 1080 1124 agrestibus
1106 1085 1234 1119 arma,

89 1131 180 1184 quis
206 1132 292 1173 sine
316 1146 391 1172 nec
416 1139 587 1186 potuere
612 1131 693 1172 seri
716 1146 792 1172 nec
818 1146 987 1186 surgere
1013 1147 1188 1173 messes:

89 1193 220 1234 vomis
245 1202 285 1234 et
308 1193 447 1234 inflexi
472 1193 653 1248 primum
678 1208 805 1248 grave
829 1193 957 1234 robur
981 1194 1105 1234 aratri

88 1255 286 1309 tardaque
311 1255 534 1297 Eleusinae
558 1256 700 1296 matris
725 1256 936 1297 volventia
960 1256 1145 1310 plaustra

88 1318 321 1371 tribulaque
347 1318 596 1371 traheaeque
622 1326 661 1359 et
686 1318 827 1372 iniquo
852 1318 1033 1372 pondere
1059 1319 1193 1368 rastri,

87 1379 229 1435 virgea
252 1389 467 1435 praeterea
492 1379 609 1421 Celei
634 1380 809 1433 vilisque
835 1381 1034 1434 supellex,

88 1443 284 1484 arbuteae
309 1450 441 1484 crates
466 1450 506 1484 et
530 1443 706 1497 mystica
730 1458 890 1483 vannus
918 1442 1069 1483 Iacchi.

88 1505 226 1546 omnia
250 1519 357 1558 quae
382 1506 511 1546 multo
536 1513 631 1546 ante
655 1519 814 1546 memor
838 1506 1003 1559 provisa
1027 1519 1215 1560 repones,

88 1567 122 1608 si
146 1575 186 1608 te
211 1567 337 1622 digna
360 1575 499 1609 manet
524 1567 651 1608 divini
677 1567 808 1623 gloria
831 1567 950 1608 ruris.

88 1629 283 1670 continuo
308 1630 350 1670 in
375 1630 487 1671 silvis
512 1645 665 1685 magna
689 1630 730 1670 vi
755 1630 862 1670 flexa
887 1630 1079 1670 domatur

87 1692 129 1732 in
153 1692 288 1733 burim
314 1700 354 1734 et
379 1692 494 1734 curvi
517 1692 693 1733 sormam
720 1692 867 1747 accipit
892 1692 1029 1732 ulmus
1055 1691 1190 1732 aratri.

87 1754 184 1795 huic
208 1770 232 1795 a
256 1755 381 1810 stirpe
406 1755 533 1809 pedes
558 1762 668 1796 temo
694 1762 909 1810 protentus
934 1754 976 1795 in
1001 1763 1107 1803 oct0‚

87 1816 208 1857 binae
234 1832 367 1866 aures,
393 1817 548 1872 duplici
573 1824 769 1872 aptantur
793 1816 975 1857 dentalia
1000 1817 1135 1857 dorso.

88 1879 273 1920 caeditur
298 1887 336 1920 et
360 1880 446 1921 tilia
471 1887 565 1920 ante
590 1879 688 1934 iugo
713 1879 815 1920 levis
840 1879 1005 1932 altaque
1030 1879 1155 1933 fagus

88 1941 288 1995 stivaque,
314 1956 420 1996 quae
445 1957 588 1983 currus
614 1958 636 1982 a
661 1950 777 1996 tergo
803 1948 991 1994 torqueat
1016 1941 1133 1989 imos,

89 2012 127 2045 et
151 2019 352 2059 suspensa
375 2004 477 2045 focis
502 2005 687 2059 explorat
713 2004 863 2044 robora
887 2003 1039 2044 fumus.

143 2067 321 2107 Possum
345 2067 476 2108 multa
499 2067 573 2107 tibi
598 2074 785 2107 veterum
811 2074 1032 2121 praecepta
1056 2065 1224 2115 referre,

87 2129 130 2170 ni
153 2129 309 2184 refugis
333 2130 552 2183 tenuisque
578 2129 689 2184 piget
717 2143 966 2183 cognoscere
992 2143 1123 2169 curas.

88 2206 184 2233 area
208 2206 301 2232 cum
326 2192 468 2246 primis
493 2192 651 2247 ingenti
677 2191 895 2244 aequanda
920 2191 1107 2245 cylindro

89 2261 129 2295 et
153 2254 350 2295 vertenda
374 2269 500 2295 manu
526 2262 566 2296 et
590 2262 702 2295 creta
726 2253 940 2294 solidanda
965 2253 1113 2302 tenaci,

89 2332 140 2357 ne
166 2316 339 2357 subeant
363 2317 516 2358 herbae
540 2331 620 2357 neu
646 2316 818 2371 pulvere
843 2316 952 2356 victa
977 2315 1153 2364 fatiscat,

89 2386 176 2419 tum
201 2378 338 2420 variae
362 2379 550 2420 inludant
574 2386 729 2434 pestes:
759 2393 882 2433 saepe
909 2378 1084 2432 exiguus
1109 2392 1202 2418 mus

88 2441 167 2481 sub
191 2441 308 2481 terris
332 2441 551 2495 posuitque
576 2441 720 2481 domos
745 2448 871 2494 atque
895 2440 1043 2481 horrea
1067 2439 1178 2487 fecit,

89 2511 158 2544 aut
185 2503 313 2543 oculis
338 2504 447 2558 capti
471 2505 612 2545 fodere
638 2503 791 2544 cubilia
815 2503 967 2558 talpae,

88 2565 362 2618 inventusque
387 2566 497 2607 cavis
522 2566 623 2607 bufo
650 2573 689 2607 et
715 2579 822 2618 quae
848 2565 1026 2620 plurima
1050 2571 1183 2606 terrae

88 2635 270 2668 monstra
293 2627 444 2677 ferunt,
469 2628 724 2683 populatque
749 2628 960 2683 ingentem
986 2627 1105 2668 farris
1132 2641 1327 2668 acervum

160 2694 287 2727 Veryn‘uus
297 2694 336 2720 ed.
352 2693 435 2720 Thilo.
1185 2692 1207 2726 3

1376 150 1432 192 33

1459 456 1523 487 150

1461 767 1522 797 155

1459 1079 1522 1109 160

1457 1389 1519 1419 165

1456 1701 1520 1731 170

1454 2012 1517 2042 175

1455 2323 1517 2353 180

1456 2633 1517 2664 185
