1622 2847
146 395 212 426 500

148 1328 211 1358 515

148 1639 213 1670 520

149 1951 167 1980 ΕΠ

174 1972 189 1980 1
173 1950 190 1969 ὓ

195 1961 213 1980 C-

151 2575 214 2607 535

239 150 293 192 56
610 159 652 195 Ρ.
674 159 883 197 VERGILI
909 160 1132 196 MARONJS

236 278 319 305 non
344 279 408 305 res
434 264 650 306 Romanae
674 264 940 320 perituraque
965 280 1107 319 regna,
1133 279 1268 318 neque
1293 265 1361 307 ille

237 333 309 367 aut
332 326 465 367 doluit
489 326 690 368 miserans
715 326 881 381 inopem
909 334 978 367 aut
1004 326 1148 367 invidit
1175 327 1358 369 babenti.

236 402 340 441 quos
366 388 469 429 rami
493 388 667 437 fructus,
692 402 797 442 quos
822 388 912 443 ipsa
938 389 1117 429 volentia
1142 404 1237 430 rura

236 457 382 505 sponte
408 450 540 491 tulere
565 465 653 498 sua,
679 450 844 505 carpsit,
869 464 947 491 nec
971 450 1104 491 ferrea
1129 451 1218 491 iura

237 511 515 565 insanumque
540 511 676 553 sorum
702 519 774 552 aut
798 512 940 567 populi
965 512 1167 552 tabularia
1194 512 1308 553 vidit.

237 574 459 615 sollicitant
483 574 552 615 alii
576 574 699 616 remis
724 573 831 615 freta
855 588 977 615 caeca
1002 581 1210 628 ruuntque

236 636 279 676 in
304 636 474 685 ferrum,
501 642 720 691 penetrant.
744 637 860 677 aulas
886 644 923 677 et
950 636 1090 676 limina
1115 651 1260 690 regum
1270 652 1280 685 3

238 698 304 739 hic
329 698 432 753 petit
456 698 628 740 excidiis
654 699 801 739 urbem
827 698 1082 751 miserosque
1107 706 1290 753 penates,

238 767 284 801 ut
307 775 473 815 gemma
498 760 614 801 bibat
639 768 678 801 et
704 759 886 802 Sarrano
912 760 1086 800 dormiat
1113 768 1242 808 ostro3

237 822 377 863 condit
402 837 501 876 opes
527 822 631 863 alius
657 822 908 876 defossoque
933 822 1102 862 incubat
1127 836 1245 869 auro3

237 883 304 925 hic
329 891 467 939 stupet
491 884 688 925 attonitus
713 884 873 933 rostris3
900 883 1009 925 hunc
1034 884 1204 938 plausus
1230 883 1413 924 hiantem

236 961 310 1001 per
335 961 488 987 cuneos
513 945 748 1000 geminatus
773 946 880 987 enim
907 946 1121 1000 plebisque
1146 952 1393 1000 patrumque

239 1008 455 1063 corripuit3
481 1008 667 1063 gaudent
690 1008 849 1063 perfusi
874 1008 1077 1063 sanguine
1103 1008 1276 1048 fratrum

239 1070 445 1124 exilioque
471 1071 614 1111 domos
641 1077 681 1111 et
705 1070 843 1111 dulcia
867 1070 1009 1111 limina
1033 1077 1194 1111 mutant

238 1140 362 1186 atque
387 1133 467 1174 alio
492 1133 667 1187 patriam
693 1140 900 1186 quaerunt
924 1132 1002 1174 sub
1028 1133 1112 1174 sole
1137 1132 1352 1174 iacentem.

238 1195 420 1248 agricola
444 1195 615 1236 incurvo
641 1202 793 1235 terram
819 1195 989 1236 dimovit
1015 1202 1169 1236 aratro:

238 1256 334 1298 hinc
359 1257 455 1298 anni
480 1257 609 1305 labor,
636 1256 732 1297 hinc
757 1257 931 1312 patriam
958 1271 1192 1312 parvosque
1217 1263 1386 1312 penates

238 1319 426 1368 sustinet,
453 1319 548 1360 hinc
573 1326 759 1360 armenta
784 1319 910 1360 boum
936 1319 1189 1373 meritosque
1213 1319 1424 1361 iuvencos.

237 1396 314 1423 nec
339 1382 516 1435 requies,
542 1382 642 1435 quin
668 1389 739 1422 aut
763 1382 896 1437 pomis
922 1382 1122 1424 exuberet
1147 1397 1279 1423 annus

238 1451 309 1485 aut
333 1444 421 1485 fetu
446 1458 643 1499 pecorum
668 1451 739 1485 aut
765 1443 949 1486 Cerealis
975 1444 1149 1499 mergite
1174 1443 1299 1485 culmi

238 1513 526 1561 proventuque
552 1513 693 1548 oneret
717 1506 853 1548 sulcos
879 1514 1004 1560 atque
1030 1506 1178 1548 horrea
1202 1506 1352 1547 vincat.

238 1568 352 1609 venit
376 1568 526 1610 hiems:
553 1569 699 1610 teritur
724 1568 921 1623 Sicyonia
946 1569 1050 1610 baca
1074 1569 1257 1624 trapetis,

237 1630 390 1686 glande
416 1646 511 1672 sues
536 1631 632 1672 laeti
656 1631 844 1679 redeunt,
871 1631 971 1672 dant
995 1631 1142 1672 arbuta
1167 1631 1313 1679 silvae3

239 1700 280 1734 et
304 1693 439 1734 varios
465 1693 581 1748 ponit
605 1693 713 1735 fetus
738 1701 962 1735 autumnus
988 1701 1027 1735 et
1058 1694 1139 1735 alte

238 1755 347 1796 mitis
372 1756 414 1796 in
440 1755 589 1810 apricis
615 1755 805 1809 coquitur
830 1756 1039 1798 vindemia
1063 1756 1185 1797 saxis.

238 1817 394 1858 interea
419 1817 560 1858 dulces
585 1818 765 1872 pendent
793 1818 946 1859 circum
972 1818 1113 1859 oscula
1136 1816 1236 1866 nati,

241 1887 354 1921 casta
378 1879 620 1934 pudicitiam
646 1887 781 1921 servat
807 1880 968 1929 domus,
994 1880 1124 1921 ubera
1148 1893 1298 1920 vaccae

197 1950 209 1965 ⁷
239 1943 371 1983 lactea
397 1942 620 1983 demittunt
644 1943 904 1997 pinguesque
928 1943 971 1983 in
996 1942 1182 1997 gramine
1207 1942 1315 1983 laeto

238 2005 345 2046 inter
369 2019 412 2046 se
438 2004 621 2046 adversis
646 2005 855 2046 luctantur
879 2005 1073 2046 cornibus
1100 2004 1233 2045 haedi.

238 2067 327 2121 ipse
352 2066 439 2108 dies
466 2067 597 2122 agitat
619 2066 746 2108 festos
771 2067 972 2121 fususque
997 2081 1070 2122 per
1094 2066 1279 2115 herbam,

239 2129 347 2183 ignis
372 2128 444 2169 ubi
468 2128 510 2169 in
536 2129 672 2170 medio
698 2136 739 2171 et.
763 2129 862 2171 socii
887 2136 1045 2170 cratera
1069 2135 1279 2176 coronant,

240 2198 279 2232 te
304 2191 452 2240 libans,
478 2191 661 2241 Lenaee,
687 2199 809 2233 vocat
833 2192 1077 2247 pecorisque
1103 2189 1312 2246 magistris

240 2253 392 2295 velocis
417 2253 540 2295 iaculi
565 2254 790 2295 certamina
814 2255 931 2309 ponit
954 2255 995 2295 in
1019 2254 1144 2303 ulmo,

240 2330 494 2370 corporaque
520 2316 674 2370 agresti
698 2317 859 2358 nudant
881 2316 1086 2372 praedura
1109 2316 1351 2371 palaestrae.

241 2378 348 2418 hanc
374 2378 471 2418 olim
497 2385 656 2420 veteres
682 2379 809 2420 vitam
835 2380 998 2421 coluere
1024 2378 1183 2427 Sabini,

240 2439 347 2481 hanc
374 2441 531 2482 Remus
557 2448 597 2482 et
620 2441 760 2491 frater,
787 2442 844 2483 sic
869 2442 985 2483 fortis
1010 2440 1180 2482 Etruria
1204 2441 1333 2482 crevit

243 2502 399 2543 scilicet
423 2510 464 2543 et
487 2516 625 2544 rerum
649 2504 760 2545 facta
784 2511 846 2545 est
869 2503 1145 2559 pulcherrima
1170 2503 1305 2544 Roma

241 2571 485 2618 septemque
511 2579 595 2605 una
619 2565 698 2606 sibi
722 2580 840 2606 muro
866 2565 1134 2607 circumdedit
1159 2579 1286 2606 arces.

241 2633 335 2667 ante
361 2626 484 2668 etiam
509 2635 716 2684 sceptrum
741 2627 906 2670 Dictaei
932 2627 1041 2683 regis
1067 2635 1106 2669 et
1131 2635 1226 2669 ante
