1660 2847
556 146 809 183 AENEIDOS
833 145 930 181 LIB.
958 146 1002 182 V.

111 260 261 308 stuppa
285 266 455 293 vomens
480 251 644 292 tardum
670 251 833 292 fumum
857 251 1076 303 lentusque
1103 249 1263 291 carinas

112 322 173 355 est
197 329 325 369 vapor
349 321 390 355 et
413 320 498 354 toto
523 313 738 354 descendit
762 327 933 367 corpore
958 312 1085 366 pestis

109 392 187 418 nec
210 378 316 418 vires
340 376 513 417 heroum
537 375 758 429 infusaque
783 375 954 415 flumina
979 381 1163 428 prosunt.

111 446 199 480 tum
223 439 314 493 pius
340 439 508 479 Aeneas
533 438 686 479 umeris
712 437 955 479 abscindere
981 444 1140 478 vestem

111 501 348 554 auxilioque
372 514 522 541 vocare
547 500 645 541 deos
671 507 712 541 et
735 499 903 541 tendere
928 499 1108 553 palmas:

111 563 318 617 ‘Iuppiter
343 562 617 616 omnipotens,
644 562 677 602 si
701 562 887 602 nondum
912 575 1063 602 exosus
1088 560 1141 602 ad
1165 575 1294 602 unum

110 624 325 673 Troianos,
354 624 491 678 siquid
516 624 647 679 pietas
673 624 844 677 antiqua
867 623 1030 664 labores

109 686 276 740 respicit
299 686 517 735 humanos,
542 686 597 726 da
619 686 830 726 flammam
855 685 1030 726 evadere
1056 685 1177 726 classi

108 762 232 797 nunc,
257 755 388 803 pater,
415 755 455 789 et
479 748 613 788 tenuis
638 747 849 788 Teucrum
873 762 939 788 res
965 747 1077 801 eripe
1102 747 1204 796 leto3

109 810 175 851 vel
199 817 257 858 tu,
283 810 395 863 quod
420 816 621 864 superest,
647 810 798 850 infesto
823 809 996 850 fulmine
1021 809 1165 857 Morti,

109 871 144 912 si
168 886 339 920 mereor,
366 871 534 913 demitte
560 879 714 925 tuaque
741 871 808 912 hic
833 871 963 912 obrue
989 870 1159 912 dextra.⁷

108 932 179 974 vix
204 933 306 974 haec
331 933 528 983 ediderat,
555 948 650 974 cum
675 933 817 974 effusis
842 933 1046 974 imbribus
1071 940 1160 974 atra

109 1002 333 1049 tempestas
359 996 446 1036 sine
471 1010 585 1036 more
610 995 709 1036 furit
735 995 972 1049 tonitruque
998 1000 1251 1036 tremescunt

109 1057 239 1098 ardua
264 1063 465 1098 terrarum
491 1064 531 1098 et
556 1057 704 1112 campi,
730 1057 811 1098 ruit
836 1058 1002 1099 aethere
1027 1064 1112 1098 toto

108 1119 298 1160 turbidus
323 1119 456 1161 imber
480 1133 589 1173 aqua
613 1119 833 1173 densisque
858 1119 1106 1174 nigerrimus
1132 1118 1282 1160 austris

107 1181 412 1235 implenturque
438 1196 562 1236 super
585 1197 759 1236 puppes,
788 1189 971 1223 semusta
994 1182 1241 1223 madescunt

107 1244 270 1293 robora,
295 1243 515 1284 restinctus
541 1243 673 1285 donec
698 1258 827 1298 vapor
851 1244 985 1285 omnis
1011 1251 1052 1285 et
1076 1258 1219 1285 omnes

108 1312 304 1359 quattuor
328 1305 489 1347 amissis
515 1313 704 1348 servatae
730 1322 754 1347 a
777 1313 893 1360 peste
919 1306 1094 1347 carinae.

163 1368 226 1410 At
249 1375 366 1422 pater
389 1369 572 1417 Aeneas,
599 1383 698 1410 casu
724 1383 949 1410 concussus
976 1369 1139 1418 acerbo,

107 1444 219 1470 nunc
243 1429 324 1471 huc
348 1430 542 1485 ingentis,
568 1445 680 1472 nunc
704 1430 801 1472 illuc
825 1438 993 1485 pectore
1018 1446 1139 1472 curas

107 1492 297 1533 mutabat
319 1506 502 1542 versans,
529 1493 734 1534 Siculisne
759 1493 957 1534 resideret
982 1494 1104 1543 arvis,

108 1554 260 1595 oblitus
285 1554 478 1603 fatorum,
505 1555 686 1596 Italasne
711 1562 947 1609 capesseret
971 1570 1077 1596 oras.
1105 1606 1111 1612 ι

108 1622 196 1656 tum
221 1616 357 1658 senior
381 1617 554 1666 Nautes,
580 1632 710 1658 unum
734 1617 923 1658 Tritonia
947 1618 1089 1658 Pallas

107 1693 232 1732 quem
258 1678 399 1719 docuit
421 1679 635 1732 multaque
660 1679 865 1734 insignem
890 1680 1068 1720 reddidit
1094 1686 1198 1721 arte:

108 1740 210 1782 haec
234 1755 432 1795 responsa
457 1741 595 1791 dabat,
622 1742 686 1782 vel
712 1756 818 1795 quae
843 1743 1107 1797 portenderet
1131 1742 1192 1783 ira

108 1817 261 1857 magna
285 1803 408 1844 deum
433 1803 500 1844 vel
523 1817 631 1857 quae
655 1804 835 1844 fatorum
861 1812 1050 1859 posceret
1075 1804 1194 1845 ordo:

108 1865 225 1918 isque
249 1865 312 1906 his
338 1865 513 1906 Aenean
538 1866 694 1907 solatus
719 1866 892 1908 vocibus
918 1867 1025 1907 infit:

110 1931 224 1968 ‘nate
249 1927 339 1976 dea,
367 1941 449 1980 quo
473 1927 560 1968 fata
583 1928 752 1969 trahunt
775 1928 1074 1982 retrahuntque
1099 1942 1340 1982 sequamur3

109 1988 310 2043 quidquid
335 1989 424 2037 erit,
450 1990 685 2044 superanda
710 1990 843 2031 omnis
868 1989 1037 2032 fortuna
1060 1991 1232 2032 ferendo
1259 1998 1333 2033 est.

110 2058 173 2092 est
197 2050 270 2091 tibi
293 2050 534 2092 Dardanius
560 2051 723 2093 divinae
749 2053 886 2106 stirpis
912 2053 1109 2094 Acestes:

110 2113 221 2154 hunc
244 2127 345 2167 cape
370 2113 549 2154 consiliis
575 2113 733 2155 socium
759 2121 800 2155 et
824 2114 1031 2169 coniunge
1054 2114 1277 2165 volentem,

109 2175 206 2217 huic
231 2175 346 2216 trade
371 2176 532 2216 amissis
557 2183 754 2230 superant
777 2176 849 2230 qui
873 2177 1050 2218 navibus
1076 2185 1118 2219 et
1142 2192 1245 2231 quos

109 2245 344 2292 pertaesum
370 2238 510 2293 magni
534 2238 687 2293 incepti
711 2253 932 2293 rerumque
957 2246 1122 2281 tuarum
1148 2247 1229 2289 est3

109 2300 417 2354 longaevosque
442 2315 560 2342 senes
586 2316 634 2342 ac
658 2301 789 2342 fessas
814 2316 993 2355 aequore
1019 2310 1170 2344 matres

111 2369 151 2403 et
175 2362 378 2415 quidquid
402 2369 539 2404 tecum
563 2363 791 2404 invalidum
816 2371 1088 2418 metuensque
1113 2365 1255 2420 pericli
1281 2372 1355 2415 est,

111 2424 246 2479 delige
272 2431 311 2465 et
336 2423 398 2465 his
423 2424 604 2466 habeant
628 2426 746 2466 terris
772 2425 859 2467 sine
884 2427 1048 2468 moenia
1072 2427 1170 2469 fessi
1180 2444 1190 2476 3

110 2486 257 2527 urbem
282 2486 550 2540 appellabunt
573 2488 775 2541 permisso
799 2489 964 2530 nomine
992 2490 1216 2531 Acestam.’

167 2548 341 2588 Talibus
366 2549 557 2590 incensus
583 2550 703 2590 dictis
729 2550 899 2591 senioris
925 2551 1046 2592 amici

112 2616 199 2650 tum
225 2625 322 2652 vero
347 2610 389 2650 in
415 2625 533 2652 curas
559 2612 696 2652 animo
722 2612 931 2653 diducitur
956 2614 1100 2655 omnis.

1373 127 1457 177 '185

1483 446 1546 476 685

1484 756 1548 787 690

1484 1066 1547 1097 695

1482 1381 1547 1411 700

1482 1692 1544 1721 705

1480 2003 1544 2033 710

1482 2315 1544 2346 715

1483 2628 1546 2659 720
