1660 2847
542 156 795 194 AENEIDOS
819 157 915 193 LIB.
941 158 996 194 VI
1365 147 1448 192 205

106 262 409 319 quinquaginta
433 262 530 304 atris
554 262 745 303 immanis
770 261 952 302 hiatibus
977 261 1110 317 hydra

106 326 267 367 saevior
291 325 400 366 intus
425 324 551 365 habet
575 324 730 365 sedem.
778 331 867 364 tum
893 324 1092 365 Tartarus
1117 324 1206 379 ipse

106 387 168 428 bis
193 394 305 442 patet
328 387 370 427 in
394 401 593 441 praeceps
619 393 779 427 tantum
803 385 1017 439 tenditque
1044 386 1123 427 sub
1148 386 1331 436 umbras,

106 456 284 503 quantus
309 449 362 490 ad
385 448 614 490 aetherium
641 448 744 488 caeli
769 454 986 502 suspectus
1012 446 1256 503 Olympum.

106 511 173 552 hic
197 526 326 566 genus
351 511 567 564 antiquum
593 510 763 558 Terrae,
788 509 955 550 Titania
978 510 1122 564 pubes,
1475 521 1540 552 580

105 572 279 614 fulmine
304 573 452 614 deiecti
476 572 607 614 fundo
632 572 855 613 volvuntur
878 572 921 612 in
945 572 1040 614 imo,

107 634 175 676 hic
199 642 239 676 et
262 635 435 676 Aloidas
461 634 648 689 geminos
673 634 871 675 immania
895 633 980 674 vidi

106 711 290 751 corpora.
316 697 386 751 qui
411 697 602 738 manibus
628 711 827 751 magnum
852 695 1086 738 rescindere
1111 696 1273 738 caelum

105 759 290 812 adgzessi
315 759 558 814 superisque
582 758 727 799 Iovem
752 758 972 800 detrudere
997 758 1150 813 regnis.

104 820 189 860 vili
213 828 253 862 et
277 821 454 862 crudelis
480 821 647 862 dantem
673 820 899 862 Salmonea
923 835 1093 875 poenas,
1475 830 1539 862 585

104 882 203 923 (ium
228 883 415 925 flammas
440 883 552 924 Iovis
578 889 619 925 et
644 883 802 923 sonitus
827 883 1012 923 imitatur
1038 882 1224 937 Olympi.

103 952 297 998 quattuor
320 945 387 987 hic
410 946 597 987 invectus
625 945 741 998 equis
767 952 809 986 et
831 942 1026 999 lampada
1050 959 1253 998 quassans

102 1022 177 1061 per
203 1006 377 1048 Graium
401 1008 578 1062 populos
603 1007 847 1060 mediaeque
872 1022 946 1061 per
970 1006 1104 1048 Elidis
1129 1008 1275 1049 urbem

102 1068 190 1109 ibat
213 1084 341 1111 ovans
367 1069 697 1123 divumque‘sibi
720 1069 920 1123 poscebat
944 1069 1155 1118 honorem,

104 1131 288 1181 demens,
314 1131 385 1185 qui
408 1131 572 1172 nimbos
598 1138 639 1172 et
661 1145 745 1171 non
768 1130 969 1172 imitabile
994 1131 1153 1172 fulmen
1475 1145 1540 1176 590

103 1208 198 1234 aere
223 1201 263 1234 et
286 1193 555 1248 cornipedum
578 1193 703 1248 pulsu
729 1192 943 1233 simularet
968 1207 1184 1246 equorum.

103 1262 146 1296 at
167 1262 284 1309 pater
307 1256 567 1310 omnipotens
592 1255 721 1295 densa
745 1255 852 1295 inter
876 1255 1020 1295 nubila.
1046 1255 1174 1296 telum

103 1318 310 1366 contorsit,
335 1333 418 1359 non
442 1318 510 1358 ille
535 1317 647 1358 faces
672 1331 749 1358 nec
773 1316 915 1358 fumea
940 1317 1071 1358 taedis

101 1379 270 1429 lumina,
296 1379 648 1435 praecipitemque
672 1378 843 1419 immani
868 1379 1032 1420 turbine
1058 1379 1210 1434 adegit.

101 1456 178 1483 nec
201 1456 284 1482 non
309 1449 349 1482 et
372 1442 540 1496 Tityon,
566 1441 722 1482 Terrae
747 1440 1045 1495 omniparentis
1071 1442 1300 1491 alumnum,
1474 1453 1538 1485 595

101 1518 268 1545 cernere
294 1511 393 1552 erat,
418 1518 493 1558 per
517 1510 604 1544 tota
627 1517 779 1544 novem
804 1503 871 1544 cui
895 1503 1040 1558 iugera
1064 1518 1214 1558 corpus

100 1566 324 1620 porrigitur
347 1572 561 1619 rostroque
584 1565 776 1605 immanis
801 1565 938 1605 voltur
963 1565 1126 1606 obunco

100 1629 330 1669 immortale
355 1628 469 1669 iecur
494 1627 669 1668 tondens
695 1626 957 1680 fecundaque
983 1627 1127 1681 poenis

100 1691 259 1731 viscera
282 1690 536 1743 rimaturque
561 1689 693 1744 epulis
718 1688 959 1742 habitatque
986 1689 1063 1729 sub
1089 1689 1172 1730 alto

100 1760 266 1808 pectore
290 1767 367 1794 nec
391 1752 505 1792 fibris
530 1751 693 1805 requies
720 1751 842 1792 datur
867 1751 951 1791 ulla
975 1752 1143 1792 renatis.
1474 1765 1538 1796 600

101 1815 202 1869 quid
224 1829 449 1855 memorem
474 1814 676 1868 Lapithas
702 1813 851 1854 Ixiona
874 1813 1216 1867 Pirithoumque?

100 1891 205 1930 quos
230 1892 353 1932 super
377 1883 466 1917 atra
489 1876 593 1917 silex
616 1876 698 1916 iam
723 1875 806 1916 iam
830 1875 998 1929 lapsura
1024 1876 1272 1930 cadentique

100 1940 289 1980 imminet
312 1938 526 1987 adsimilis3
551 1939 690 1979 lucent
713 1937 947 1992 genialibus
972 1937 1064 1979 altis

102 2017 228 2043 aurea
250 2002 383 2042 fulcra
407 2001 520 2049 toris,
545 2000 777 2055 epulaeque
802 2006 896 2040 ante
922 2014 994 2040 ora
1017 2006 1187 2054 paratae

101 2063 269 2119 regifico
292 2064 414 2112 luxu3
440 2063 642 2103 furiarum
667 2062 848 2102 maxima
872 2061 988 2102 iuxta
1472 2074 1536 2105 605

102 2126 277 2167 accubat
301 2132 342 2167 et
365 2125 556 2166 manibus
581 2124 773 2179 prohibet
797 2124 1036 2177 contingere
1061 2138 1228 2166 mensas

101 2187 348 2243 exurgitque
371 2187 506 2228 facem
531 2187 722 2227 attollens
747 2192 870 2239 atque
894 2186 1055 2226 intonat
1080 2200 1163 2227 ore.

101 2251 169 2291 hic
194 2250 343 2303 quibus
367 2250 488 2291 invisi
512 2250 674 2298 fratres,
700 2248 799 2289 dum
824 2248 910 2289 vita
934 2248 1143 2298 manebat,

101 2312 344 2368 pulsatusve
367 2327 517 2367 parens
543 2319 583 2352 et
606 2311 721 2352 fraus
746 2311 898 2351 innexa
923 2310 1074 2359 clienti,

103 2381 175 2415 aut
199 2374 270 2428 qui
295 2374 446 2415 divitiis
472 2374 547 2415 soli
570 2373 797 2414 incubuere
820 2372 992 2427 repertis
1474 2384 1537 2415 610

101 2452 179 2478 nec
202 2443 364 2491 partem
388 2451 563 2491 posuere
589 2436 672 2476 suis
699 2438 822 2488 (quae
846 2434 1029 2475 maxima
1054 2435 1176 2476 turba
1201 2437 1278 2486 est)

103 2499 257 2553 quique
283 2499 336 2539 ob
361 2498 609 2540 adulterium
635 2497 756 2546 caesi,
782 2497 934 2550 quique
960 2512 1075 2538 arma
1099 2497 1229 2538 secuti

103 2561 231 2615 impia
254 2575 331 2602 nec
356 2561 475 2602 veriti
500 2561 763 2601 dominorum
787 2559 929 2600 fallere
955 2559 1134 2607 dextras,

103 2623 252 2665 inclusi
275 2638 454 2678 poenam
478 2630 711 2678 expectant.
760 2637 812 2664 ne
837 2636 990 2675 quaere
1016 2622 1168 2672 doceri,
