1628 2847
502 182 644 220 COPA.
663 180 933 218 MORETVM.

47 295 107 332 est
134 289 274 345 tuguri
299 295 450 338 custos,
476 294 659 329 armatus
684 287 791 328 falce
816 286 991 341 saligna,

104 351 177 393 sed
201 358 318 392 vasto
342 366 426 392 non
452 358 514 392 est
537 351 708 405 inguine
733 349 939 390 terribilis.

47 412 142 463 huc,
167 414 359 468 calybita,
386 413 499 454 veni:
525 412 659 453 lassus
683 412 766 452 iam
791 411 914 451 sudat
938 411 1109 460 asellus3

103 490 226 530 parce
250 476 327 516 illi:
353 475 509 517 Vestae
534 474 728 516 delicium
756 479 817 515 est
842 472 994 513 asinus.

47 552 158 578 nunc
183 545 307 579 cantu
332 536 477 578 crebro
502 542 702 591 rumpunt
727 535 898 576 arbusta
922 534 1104 584 cicadae,

103 614 215 641 nunc
239 599 380 640 viridis
404 599 544 653 gelida
568 613 691 653 saepe
716 598 869 638 lacerta
892 597 1005 637 latet.

48 660 82 701 si
107 661 230 716 sapis,
257 661 413 702 aestivo
438 661 643 702 recubans
669 667 708 701 te
733 659 878 714 prolue
904 659 1024 708 vitro,

105 738 179 764 seu
203 723 263 764 vis
290 724 483 778 crystallo
508 723 616 765 ferre
639 736 769 763 novos
795 721 957 762 calices.

49 784 112 825 eia
136 800 214 840 age
238 785 460 840 pampinea
485 786 619 827 fessus
643 784 859 838 requiesce
885 783 962 824 sub
987 783 1150 833 umbra,

105 854 145 888 et
168 847 387 902 gravidum
412 862 530 889 roseo
554 853 674 889 necte
699 853 825 901 caput
850 845 1048 900 strophio,

48 908 254 950 formosus
280 917 445 952 tenerae
471 910 695 965 decerpens
722 924 793 950 ora
817 908 996 963 puellae.

105 987 130 1012 a
153 979 307 1026 pereat,
333 972 400 1014 cui
424 980 519 1014 sunt
542 972 678 1027 prisca
703 969 940 1026 supercilia!

49 1033 149 1086 quid
174 1034 300 1076 cineri
324 1035 488 1089 ingrato
513 1049 654 1076 servas
680 1033 786 1075 bene
811 1033 964 1074 olentia
988 1032 1120 1074 serta?

106 1110 213 1137 anne
237 1104 433 1138 coronato
459 1097 521 1137 vis
546 1096 683 1151 lapide
709 1111 803 1137 ossa
826 1095 935 1151 tegi?

49 1171 157 1212 pone
182 1173 342 1200 merum
368 1166 409 1200 et
432 1160 549 1200 talos.
598 1165 753 1213 pereat,
779 1158 849 1212 qui
874 1157 1052 1199 crastina
1077 1155 1211 1199 curat!

105 1220 223 1262 Mors
248 1236 391 1263 aurem
415 1222 570 1263 vellens
598 1220 764 1263 ‘vivite’
790 1221 860 1270 ait,
888 1219 1073 1261 ‘venio.’'

474 1464 975 1516 MORETVM.

107 1592 197 1633 Iam
222 1607 305 1634 nox
329 1593 522 1634 hibernas
547 1593 611 1635 bis
637 1594 819 1648 quinque
844 1601 1064 1648 peregerat
1087 1594 1208 1636 horas

51 1655 351 1710 excubitorque
375 1656 484 1697 diem
509 1663 634 1697 cantu
658 1656 921 1711 praedixerat
946 1656 1044 1706 ales,

53 1716 238 1771 Simylus
263 1718 403 1773 exigui
428 1718 560 1759 cultor
585 1733 680 1759 cum
705 1718 882 1759 rusticus
909 1718 1011 1773 agri,

51 1779 183 1821 tristia
207 1788 405 1822 venturae
430 1788 617 1822 metuens
644 1780 796 1822 ieiunia
820 1780 938 1830 lucis,

51 1842 240 1884 membra
262 1844 373 1885 levat
398 1837 468 1884 vili
492 1844 644 1884 sensim
671 1843 850 1885 demissa
875 1843 1049 1898 grabato

52 1905 310 1959 sollicitaque
334 1921 461 1946 manu
485 1906 677 1947 tenebras
704 1906 891 1960 explorat
914 1906 1066 1947 inertes

52 1969 314 2024 vestigatque
338 1968 491 2017 focum,
516 1969 653 2010 laesus
678 1983 802 2022 quem
829 1968 1007 2022 denique
1033 1969 1167 2011 sentit.

52 2031 251 2086 parvulus
276 2038 423 2072 exusto
447 2031 691 2073 remanebat
714 2031 852 2086 stipite
877 2031 1011 2073 fomes

54 2101 96 2135 et
119 2093 220 2135 cinis
246 2093 451 2135 obductae
476 2093 639 2135 celabat
662 2093 819 2134 lumina
843 2109 1014 2148 prunae.

54 2156 248 2198 admovet
272 2155 334 2197 his
359 2171 532 2210 pronam
558 2155 764 2197 submissa
787 2155 923 2197 fronte
947 2156 1161 2198 lucernam

55 2226 96 2262 et
119 2218 309 2275 producit
333 2233 410 2259 acu
435 2226 607 2273 stuppas
633 2233 776 2260 umore
800 2226 1001 2267 carentes,

55 2282 209 2324 excitat
232 2289 271 2323 et
297 2281 450 2322 crebris
476 2281 744 2336 languentem
768 2281 934 2322 flatibus
959 2282 1112 2336 ignem.

55 2344 223 2389 tandem
247 2351 445 2399 concepto
470 2358 514 2385 se
537 2344 610 2384 lux
635 2343 799 2398 fulgore
822 2343 991 2399 recepit,

55 2407 327 2463 oppositaque
351 2422 477 2447 manu
500 2406 642 2447 lumen
667 2406 853 2447 defendit
877 2406 930 2447 ab
955 2421 1057 2447 aura

56 2478 98 2512 et
120 2477 275 2511 reserat
301 2469 465 2511 clausae
491 2483 598 2522 quae
622 2468 812 2523 pervidet
836 2469 941 2510 ostia
966 2469 1106 2510 cellae.

55 2532 174 2574 fusus
201 2538 288 2573 erat
310 2537 420 2573 terra
442 2530 640 2572 frumenti
664 2546 823 2586 pauper
847 2545 1038 2572 acervus:

56 2595 152 2636 hinc
176 2594 253 2635 sibi
279 2593 494 2648 depromit,
521 2600 722 2647 quantum
747 2608 941 2635 mensura
965 2593 1146 2648 patebat,

56 2671 163 2717 quae
188 2656 250 2697 bis
275 2656 317 2701 in
342 2663 510 2701 octonas
536 2656 716 2699 excurrit
739 2655 924 2716 pondere
947 2656 1086 2702 libras.

1310 170 1392 216 381

1422 421 1462 451 25

1422 730 1465 762 30

1423 1043 1465 1074 35

1427 2169 1467 2199 10

1428 2480 1466 2511 15
