1660 2847
233 137 317 180 282
647 144 691 180 Ρ.
712 143 922 182 VERGILI
946 143 1170 180 MARONIS

233 251 315 293 tela
338 265 466 292 manu
488 249 657 300 iaciunt,
683 249 828 303 quales
853 249 932 290 sub
956 248 1139 290 nubibus
1165 247 1262 288 atris

144 323 207 355 265
234 312 499 368 Strymoniae
525 312 623 353 dant
648 311 769 367 signa
791 325 917 366 grues
941 318 1067 364 atque
1091 309 1259 352 aethera
1284 315 1450 350 tranant

233 390 328 416 cum
353 375 490 416 sonitu
516 373 765 429 fugiuntque
790 380 911 414 notos
937 373 1116 414 clamore
1141 371 1336 413 secundo.

233 444 275 478 at
298 437 456 478 Rutulo
481 437 570 491 regi
596 436 855 490 ducibusque
880 450 930 476 ea
954 435 1060 476 mira
1083 434 1214 476 videri

232 499 447 548 Ausoniis,
474 499 606 540 donec
630 513 770 540 versas
796 497 849 539 ad
873 497 994 539 litora
1018 511 1179 552 puppes

231 562 457 617 respiciunt
481 568 697 615 totumque
723 560 861 602 adlabi
888 559 1089 601 classibus
1118 573 1285 613 aequor.

143 635 208 666 270
233 624 350 665 ardet
374 638 481 678 apex
506 623 631 678 capiti
657 622 873 677 cristisque
899 637 923 663 a
947 621 1100 664 vertice
1125 622 1293 662 flamma

231 686 421 728 funditur
445 692 486 727 et
514 692 648 727 vastos
673 685 801 727 umbo
828 684 959 726 vomit
982 699 1132 726 aureus
1157 684 1280 738 ignis,

230 764 315 790 non
340 763 459 790 secus
485 763 533 789 ac
557 748 716 802 liquida
741 746 944 801 siquando
968 753 1089 788 nocte
1115 752 1302 787 cometae

232 811 449 866 sanguinei
472 811 651 865 lugubre
675 810 824 852 rubent
850 817 922 851 aut
948 809 1081 852 Sirius
1107 808 1242 858 ardor,

229 873 298 916 ille
323 873 432 915 sitim
456 873 707 927 morbosque
731 872 868 914 ferens
893 872 1138 913 mortalibus
1163 869 1313 925 aegris,

142 948 205 979 275
230 937 414 978 nascitur
438 943 478 978 et
501 937 620 978 laevo
647 935 861 977 contristat
884 935 1041 976 lumine
1067 934 1240 976 caelum.

287 999 417 1040 Haud
441 1005 582 1040 tamen
607 998 756 1039 audaci
780 998 924 1039 Turno
949 997 1103 1038 fiducia
1126 995 1251 1038 cessit

231 1062 352 1103 litora
376 1061 617 1117 praecipere
643 1067 685 1102 et
707 1060 910 1102 venientis
935 1060 1090 1114 pellere
1116 1066 1236 1100 terra.

232 1124 362 1179 ‘quod
388 1125 493 1166 votis
519 1123 704 1178 optastis,
731 1123 861 1172 adest,
887 1122 1147 1177 perfringere
1173 1121 1331 1162 dextra.

229 1187 273 1228 in
296 1187 489 1228 manibus
514 1186 632 1226 Mars
658 1185 760 1240 ipse,
787 1185 876 1226 viri.
924 1199 1037 1226 nunc
1062 1183 1251 1238 coniugis
1277 1188 1363 1223 esto

142 1261 206 1292 280
231 1250 407 1304 quisque
433 1263 532 1290 suae
558 1248 738 1301 tectique
763 1261 933 1296 memor,
958 1261 1070 1288 nunc
1094 1260 1248 1300 magna
1272 1243 1423 1285 referto

231 1313 355 1361 facta,
382 1318 547 1366 patrum
572 1310 730 1352 laudes.
779 1310 887 1351 ultro
913 1323 1179 1351 occurramus
1205 1306 1258 1348 ad
1282 1305 1450 1355 undam,

231 1375 331 1416 dum
357 1374 507 1429 trepidi
532 1373 793 1429 egressisque
817 1372 961 1414 labant
984 1371 1161 1428 vestigia
1186 1369 1331 1426 prima.

232 1437 424 1479 audentis
450 1436 638 1477 Fortuna
661 1435 804 1476 iuvat.'

230 1500 333 1542 haec
358 1500 415 1540 ait
439 1505 481 1540 et
505 1513 648 1540 secum
672 1504 823 1546 versat,
849 1511 952 1551 quos
979 1496 1131 1538 ducere
1157 1502 1301 1537 contra

142 1575 205 1607 285
230 1563 295 1605 vel
321 1562 472 1616 quibus
498 1561 689 1602 obsessos
715 1560 845 1615 possit
870 1559 1118 1601 concredere
1143 1573 1297 1600 muros.

286 1625 453 1666 Interea
477 1625 646 1665 Aeneas
672 1623 804 1664 socios
831 1623 881 1664 de
907 1622 1119 1678 puppibus
1145 1620 1237 1661 altis

229 1686 426 1743 pontibus
452 1686 633 1740 exponit.
682 1685 801 1726 multi
827 1699 991 1727 servare
1017 1698 1209 1725 recursus

229 1748 467 1805 languentis
493 1748 631 1802 pelagi
657 1755 698 1788 et
723 1747 919 1789 brevibus
946 1761 990 1787 se
1015 1746 1182 1787 credere
1207 1744 1329 1793 saltu,

231 1828 305 1868 per
328 1826 463 1853 remos
489 1810 570 1851 alii.
619 1810 858 1864 speculatus
883 1809 1003 1850 litora
1028 1807 1236 1855 Tarchon,

141 1888 206 1919 290
231 1890 314 1929 qua
338 1873 447 1915 vada
470 1887 553 1913 non
579 1872 737 1927 spirant
760 1887 836 1913 nec
862 1872 993 1912 fracta
1017 1876 1295 1912 remurmurat
1319 1869 1444 1919 unda,

231 1937 304 1979 sed
327 1951 441 1977 mare
466 1934 716 1976 inoffensum
742 1933 943 1976 crescenti
967 1933 1175 1974 adlabitur
1201 1938 1331 1981 aestu,

231 1999 409 2042 advertit
433 1997 570 2039 subito
596 2012 761 2052 proram
788 1997 1004 2049 sociosque
1029 2001 1240 2051 precatur:

231 2069 374 2112 ‘nunc‚
400 2076 424 2102 o
449 2062 556 2103 lecta
579 2075 741 2110 manus,
768 2059 916 2101 validis
942 2058 1171 2100 incumbite
1196 2057 1339 2106 remis;

230 2125 373 2175 tollite,
398 2125 502 2166 ferte
527 2130 655 2172 rates3
680 2122 891 2164 inimicam
915 2121 1059 2164 findite
1084 2120 1226 2162 rostris

141 2199 206 2232 295
232 2189 340 2230 hanc
364 2195 529 2235 terram,
556 2186 803 2239 sulcumque
829 2185 907 2226 sibi
932 2191 1094 2240 premat
1117 2183 1208 2238 ipsa
1234 2183 1384 2224 carina.

231 2251 424 2305 frangere
448 2263 526 2290 nec
551 2248 623 2290 tali
647 2248 822 2303 puppim
848 2247 1023 2289 statione
1048 2260 1208 2295 recuso,

232 2320 395 2368 arrepta
420 2312 565 2353 tellure
590 2310 745 2353 semel?
794 2325 902 2365 quae
927 2310 1025 2351 talia
1049 2315 1272 2364 postquam

232 2377 381 2419 effatus
407 2374 615 2424 Tarchon,
641 2373 740 2415 socii
766 2387 1017 2427 consurgere
1042 2371 1171 2413 tonsis

233 2437 546 2494 spumantisque
570 2442 680 2478 rates
706 2436 815 2477 arvis
840 2435 992 2477 inferre
1017 2432 1195 2482 Latinis,

143 2512 208 2544 300
233 2501 365 2542 donec
388 2506 522 2540 rostra
546 2505 688 2540 tenent
712 2498 867 2539 siccum
893 2504 934 2538 et
958 2496 1100 2538 sedere
1125 2495 1289 2537 carinae

233 2577 375 2605 omnes
401 2561 616 2603 innocuae.
666 2560 739 2602 sed
762 2575 847 2601 non
872 2559 1024 2614 puppis
1049 2565 1133 2607 tua,
1159 2558 1365 2598 Tarchon.

232 2639 414 2680 namque
438 2623 595 2664 inflicta
619 2622 716 2664 vadi
742 2622 864 2664 dorso
891 2621 990 2663 dum
1014 2620 1168 2676 pendet
1192 2620 1347 2674 iniquo,
