1660 2847
546 136 798 174 AENEIDOS
822 137 918 172 LIB.
944 137 1039 174 VII,

120 254 286 282 omnem
311 241 502 296 equidem
526 242 697 296 sceptris
723 248 875 283 terram
900 255 1007 295 quae
1031 241 1162 283 libera
1186 241 1334 283 nostris

121 303 303 353 dissidet,
329 310 542 345 externam
566 318 659 345 reor
684 310 725 345 et
748 304 806 345 sic
831 303 968 345 dicere
993 303 1124 346 divos.

120 371 162 405 et
185 365 341 415 Turno,
368 365 402 406 si
425 365 558 420 prima
583 365 731 407 domus
755 372 966 420 repetatur
991 365 1121 420 origo,

118 426 299 469 Inachus
323 427 596 481 Acrisiusque
619 435 758 482 patres
783 427 1029 481 mediaeque
1054 427 1290 482 Mycenae.’

176 489 256 531 His
279 489 352 530 ubi
375 490 629 544 nequiquam
655 489 774 531 dictis
800 496 970 544 experta
994 489 1196 531 Latinum

120 558 262 593 contra
285 558 394 593 stare
418 552 530 594 videt
554 552 802 607 penitusque
827 552 870 593 in
894 552 1053 593 viscera
1077 552 1241 608 lapsum

120 614 319 668 serpentis
344 613 492 655 furiale
516 614 673 655 malum
699 621 910 668 totamque
935 622 1132 669 pererrat,

120 682 207 716 tum
233 690 330 717 vero
354 675 512 725 infelix,
537 676 776 731 ingentibus
801 676 936 717 excita
959 677 1166 726 monstris,

118 737 348 779 inmensam
375 738 461 779 sine
486 752 600 780 more
625 738 726 779 furit
749 737 964 793 lymphata
988 753 1062 792 per
1085 739 1244 780 urbem.

119 814 196 841 ceu
220 800 429 853 quondam
454 807 560 841 torto
586 801 761 841 volitans
786 800 864 841 sub
889 800 1061 842 verbere
1086 801 1222 850 turbo,

119 876 244 915 quem
269 863 387 918 pueri
411 877 564 918 magno
590 863 632 903 in
657 877 761 917 gyro
786 877 920 904 vacua
944 863 1047 903 atria
1071 863 1227 904 circum

116 924 265 966 intenti
288 925 387 966 ludo
413 932 607 967 exercent
631 925 715 977 <ille
740 931 855 967 actus
880 925 1046 966 habena

119 987 298 1028 curvatis
322 987 454 1029 fertur
478 988 635 1042 spatiis,
662 994 800 1043 stupet
823 987 953 1028 inscia
977 1002 1103 1042 supra

117 1048 377 1104 inpubesque
402 1065 563 1099 manus,
588 1049 737 1091 mirata
761 1049 942 1091 volubile
967 1050 1141 1099 buxum,

119 1111 220 1152 dant
244 1112 401 1153 animos
426 1113 606 1168 plagae),
632 1126 715 1153 non
741 1126 865 1153 cursu
890 1112 1056 1167 segnior
1080 1113 1150 1153 illo

117 1188 192 1228 per
216 1174 373 1215 medias
397 1174 522 1215 urbes
548 1174 685 1230 agitur
708 1174 967 1229 populosque
992 1175 1165 1216 feroces.

117 1235 217 1290 quin
244 1237 366 1277 etiam
391 1237 434 1277 in
459 1237 596 1286 silvas,
623 1237 815 1277 simulato
840 1237 1012 1277 numine
1037 1236 1206 1286 Bacchi,

117 1297 252 1339 maius
277 1299 421 1340 adorta
444 1299 562 1341 nefas
587 1299 869 1352 maioremque
896 1313 989 1340 orsa
1013 1299 1210 1348 furorem,

119 1360 255 1401 evolat
279 1369 320 1403 et
342 1368 483 1402 natam
508 1361 714 1402 frondosis
741 1361 951 1402 montibus
977 1361 1105 1410 abdit,

118 1436 200 1476 quo
226 1422 453 1465 thalamum
479 1424 626 1479 eripiat
650 1423 824 1465 Teucris
851 1423 1076 1476 taedasque
1101 1430 1296 1474 moretur,

118 1484 251 1526 euhoe
275 1486 442 1527 Bacche
466 1486 659 1535 fremens,
686 1486 818 1526 solum
844 1492 883 1527 te
909 1485 1069 1540 virgine
1094 1485 1268 1540 dignum

117 1546 369 1597 vociferans;
395 1548 547 1590 etenim
571 1548 705 1589 mollis
731 1548 806 1588 tibi
833 1562 996 1589 sumere
1021 1548 1199 1602 thyrsos,

117 1615 158 1650 te
181 1609 356 1651 lustrare
381 1610 520 1658 choro,
546 1625 708 1651 sacrum
735 1610 810 1650 tibi
834 1624 1004 1664 pascere
1030 1610 1199 1651 crinem.

116 1671 231 1712 fama
254 1672 377 1722 volat,
402 1672 603 1727 furiisque
628 1687 822 1714 accensas
846 1679 1012 1727 pectore
1037 1680 1189 1714 matres

117 1733 228 1775 idem
253 1734 385 1776 omnis
410 1735 532 1776 simul
556 1735 678 1776 ardor
703 1735 790 1789 agit
812 1749 922 1775 nova
947 1749 1144 1789 quaerere
1169 1742 1290 1777 tecta.

119 1796 337 1838 deseruere
363 1797 521 1847 domos,
546 1797 679 1839 ventis
705 1797 805 1838 dant
828 1797 932 1838 colla
958 1812 1199 1851 comasque3

119 1866 183 1900 ast
206 1860 310 1901 aliae
335 1860 519 1902 tremulis
544 1860 769 1901 ululatibus
795 1860 962 1901 aethera
988 1861 1196 1914 complent

118 1922 442 1978 pampineasque
467 1929 616 1978 gerunt
639 1922 842 1964 incinctae
865 1922 1043 1977 pellibus
1068 1922 1221 1964 hastas.

119 1984 210 2040 ipsa
232 1984 338 2027 inter
362 1985 518 2026 medias
543 1985 788 2040 fiagrantem
814 1984 975 2025 fervida
999 1985 1143 2038 pinum

121 2047 295 2089 sustinet
318 2062 365 2089 ac
389 2054 511 2089 natae
534 2047 750 2101 Turnique
775 2047 884 2088 canit
909 2047 1176 2102 hymenaeos,

120 2109 392 2164 sanguineam
417 2117 613 2163 torquens
638 2109 782 2158 aciem,
808 2116 1054 2162 torvumque
1080 2115 1251 2164 repente

122 2172 272 2214 clamat
297 2172 354 2213 ‘io
378 2179 543 2221 matres,
571 2171 723 2220 audite,
748 2171 821 2212 ubi
845 2185 1048 2225 quaeque,
1075 2170 1271 2214 Latinae:

122 2234 240 2288 siqua
264 2233 341 2289 piis
367 2234 514 2275 animis
537 2241 678 2274 manet
701 2233 876 2274 infelicis
901 2234 1081 2275 Amatae

121 2296 266 2352 gratia,
292 2296 326 2337 si
349 2296 448 2338 iuris
471 2296 647 2338 materni
672 2311 771 2337 cura
795 2296 1014 2344 remordet,

121 2358 267 2400 solvite
292 2358 454 2400 crinalis
480 2359 616 2408 vittas,
643 2359 774 2414 capite
800 2358 915 2414 orgia
940 2357 1131 2400 mecum.'

90 2435 93 2438 ’
121 2421 246 2463 talem
269 2420 375 2462 inter
399 2422 535 2470 silvas,
560 2421 666 2462 inter
691 2421 852 2462 deserta
876 2421 1057 2462 ferarum

121 2483 309 2538 reginam
333 2483 496 2525 Allecto
521 2484 696 2525 stimulis
722 2483 808 2538 agit
830 2484 1013 2538 undique
1038 2482 1208 2525 Bacchi.

177 2546 410 2600 Postquam
433 2546 523 2589 visa
545 2547 644 2589 satis
670 2546 824 2601 primos
850 2546 1010 2588 acuisse
1035 2546 1195 2587 furores

123 2609 421 2663 consiliumque
445 2623 693 2664 omnemque
718 2609 886 2650 domum
911 2608 1082 2650 vertisse
1107 2608 1262 2659 Latini,

1382 128 1464 171 223

1491 315 1555 346 370

1492 626 1554 657 375

1491 937 1557 968 380

1491 1249 1555 1280 385

1491 1561 1556 1593 390

1491 1873 1554 1904 395

1491 2186 1556 2216 400

1491 2497 1554 2527 405
