1660 2847
523 161 776 198 AENEIDOS
801 161 896 197 LIB.
922 161 1008 198 VH.

94 265 310 322 deriguere
335 266 461 309 oculi:
485 271 546 307 tot
569 265 707 321 erinys
732 265 870 307 sibilat
895 265 1037 320 hydris

92 335 290 383 tantaque
316 345 359 371 se
385 328 512 370 facies
537 328 681 383 aperit.
730 334 819 369 tum
842 329 1035 370 flammea
1060 334 1256 381 torquens

91 390 250 432 lumina
273 397 535 432 cunctantem
559 397 599 431 et
623 396 890 443 quaerentem
915 389 1051 431 dicere
1076 390 1196 444 plura

91 453 272 508 reppulit
295 459 335 495 et
358 452 545 507 geminos
571 452 701 493 erexit
725 452 908 493 crinibus
934 452 1084 507 anguis

91 516 346 569 verberaque
369 514 553 555 insonuit
575 513 804 568 rabidoque
829 513 932 555 haec
957 513 1115 555 addidit
1139 528 1228 556 ore:

92 580 163 617 ‘en
188 590 266 630 ego
291 575 401 617 victa
425 575 519 624 situ,
545 589 670 628 quam
697 575 783 616 veri
808 575 933 617 effeta
957 583 1148 617 senectus

91 653 206 678 arma
228 638 333 679 inter
357 652 504 692 regum
530 637 635 678 falsa
659 637 880 679 formidine
903 637 1021 678 ludit.

89 699 248 754 respice
272 699 325 740 ad
349 699 470 740 haec:
497 699 644 740 adsum
669 699 852 740 dirarum
876 699 929 740 ab
956 700 1055 741 sede
1080 713 1282 748 sororum,

88 761 199 802 bella
222 776 347 802 manu
371 761 584 815 letumque
609 761 736 816 gero.’

89 823 147 864 sic
172 823 296 865 effata
320 823 454 864 facem
478 823 617 864 iuveni
643 823 818 865 coniecit
842 830 884 865 et
908 829 995 864 atro

87 885 241 926 lumine
266 885 464 926 fumantis
489 885 578 925 fixit
604 885 682 926 sub
707 892 873 940 pectore
899 885 1055 926 taedas.

87 947 156 988 olli
180 961 372 988 somnum
394 947 542 1002 ingens
567 947 722 1002 rumpit
746 962 876 1002 pavor
900 961 1077 1002 ossaque
1102 954 1143 989 et
1167 954 1280 989 artus

85 1009 268 1064 perfudit
291 1016 376 1051 toto
401 1017 624 1064 proruptus
650 1024 820 1064 corpore
847 1010 984 1050 sudor.

86 1087 201 1112 arma
225 1087 366 1113 amens
391 1072 541 1120 fremit,
569 1087 683 1112 arma
708 1079 795 1112 toro
821 1072 1022 1126 tectisque
1046 1072 1230 1126 requirit,

86 1134 217 1175 saevit
241 1148 356 1175 amor
379 1134 477 1175 ferri
501 1141 541 1175 et
565 1135 765 1175 scelerata
788 1134 949 1175 insania
974 1134 1084 1184 belli,

84 1196 146 1237 ira
170 1211 312 1251 super:
337 1211 489 1250 magno
515 1196 643 1238 veluti
669 1211 762 1237 cum
787 1196 955 1237 flamma
980 1211 1128 1239 sonore

84 1259 228 1313 virgea
253 1259 490 1313 suggeritur
514 1259 637 1300 costis
663 1258 859 1300 undantis
885 1259 978 1300 aeni

85 1321 352 1374 exultantque
378 1328 494 1362 aestu
518 1321 675 1369 latices,
700 1321 801 1362 furit
824 1321 934 1362 intus
960 1320 1084 1375 aquai

83 1382 267 1424 fumidus
292 1391 415 1438 atque
441 1384 521 1424 alte
547 1383 705 1438 spumis
730 1383 933 1425 exuberat
957 1383 1103 1432 amnis,

83 1459 160 1486 nec
183 1445 267 1485 iam
291 1460 335 1486 se
360 1446 470 1500 capit
494 1446 618 1493 unda,
645 1446 757 1487 volat
782 1460 911 1501 vapor
936 1452 1024 1486 ater
1048 1445 1101 1486 ad
1126 1460 1261 1487 auras.

83 1521 182 1561 ergo
206 1508 283 1548 iter
308 1507 360 1548 ad
384 1523 524 1563 regem
551 1508 708 1562 polluta
732 1522 834 1562 pace
860 1508 1062 1549 Latinum

81 1568 225 1610 indicit
248 1569 391 1624 primis
416 1570 614 1610 iuvenum
639 1576 679 1611 et
702 1569 819 1611 iubet
843 1585 958 1610 arma
982 1569 1133 1624 parari,

82 1631 206 1672 tutari
229 1631 406 1680 Italiam,
433 1632 651 1673 detrudere
676 1631 827 1672 finibus
852 1631 1013 1673 hostem
1022 1648 1033 1681 3

82 1709 126 1736 se
151 1694 250 1734 satis
274 1694 476 1735 ambobus
501 1694 759 1748 Teucrisque
784 1694 925 1736 venire
950 1694 1213 1748 Latinisque.

80 1755 184 1796 haec
207 1756 279 1796 ubi
304 1756 413 1797 dicta
438 1755 551 1797 dedit
575 1756 774 1810 divosque
799 1756 841 1797 in
865 1763 962 1797 vota
986 1757 1163 1806 vocavit,

81 1819 268 1860 certatim
293 1833 383 1860 sese
408 1819 554 1860 Rutuli
579 1818 849 1860 exhortantur
872 1819 914 1860 in
939 1835 1066 1861 arma.

81 1880 192 1921 hunc
216 1880 342 1922 decus
367 1882 581 1936 egregium
604 1882 762 1923 formae
787 1889 926 1923 movet
951 1889 1075 1935 atque
1098 1881 1306 1931 iuventae,

80 1943 191 1984 hunc
216 1943 325 1984 atavi
350 1958 483 1998 reges,
510 1945 619 1985 hunc
644 1944 764 1985 claris
789 1944 957 1985 dextera
981 1944 1114 1985 factis.

135 2005 253 2047 Dum
277 2006 445 2047 Turnus
470 2006 647 2047 Rutulos
673 2006 820 2047 animis
845 2006 1073 2048 audacibus
1098 2006 1254 2062 implet,

80 2068 246 2109 Allecto
270 2068 313 2109 in
338 2068 524 2110 Teucros
550 2067 708 2123 Stygiis
734 2083 777 2109 se
803 2069 983 2110 concitat
1007 2069 1093 2110 alis.

81 2137 167 2172 arte
191 2145 299 2172 nova
323 2131 537 2185 speculata
559 2131 711 2179 locum,
737 2145 819 2184 quo
844 2131 964 2172 litore
989 2130 1162 2186 pulcher

79 2193 238 2234 insidiis
264 2207 469 2246 cursuque
493 2192 602 2233 feras
628 2192 815 2246 agitabat
837 2193 969 2242 Iulus,

79 2256 146 2297 hic
171 2255 348 2296 subitam
374 2255 546 2296 canibus
571 2254 728 2295 rabiem
754 2253 930 2309 Cocytia
954 2255 1070 2310 virgo

80 2318 205 2359 obicit
230 2324 269 2358 et
292 2324 391 2358 noto
415 2317 526 2358 naris
551 2316 753 2371 contingit
777 2317 915 2366 odore,

79 2386 126 2420 ut
149 2394 318 2421 cervum
343 2380 532 2420 ardentes
557 2386 745 2433 agerent3
771 2393 877 2433 quae
903 2380 1036 2434 prima
1059 2379 1250 2420 laborum

81 2456 206 2484 causa
229 2441 309 2482 fuit
333 2441 523 2496 belloque
548 2442 707 2482 animos
733 2442 922 2483 accendit
945 2442 1130 2497 agrestis.

81 2519 227 2545 cervus
252 2510 341 2545 erat
363 2503 496 2545 forma
519 2503 745 2558 praestanti
770 2511 809 2545 et
835 2504 1030 2545 cornibus
1054 2504 1216 2558 ingens,

80 2566 312 2621 Tyrrhidae
337 2565 453 2620 pueri
478 2580 602 2619 quem
627 2566 768 2607 matris
794 2566 847 2606 ab
871 2567 999 2608 ubere
1024 2575 1188 2621 raptum

80 2629 293 2669 nutribant
316 2628 587 2683 Tyrrhusque
611 2636 741 2684 pater,
767 2629 833 2670 cui
857 2629 972 2685 regia
995 2636 1143 2684 parent

153 2695 282 2728 Verqdms
297 2695 337 2721 ed.
354 2696 438 2723 Thilo.
1155 2694 1199 2728 15

1354 151 1437 194 225

1462 462 1528 492 450

1460 772 1525 803 455

1459 1084 1524 1114 460

1456 1395 1520 1425 465

1453 1707 1519 1737 470

1450 2019 1514 2051 475

1448 2329 1514 2360 480

1448 2639 1512 2670 485
