1628 2847
646 160 826 199 CVLEX.

67 267 248 324 pendula
271 267 464 325 proiectis
488 273 715 323 carpuntur
739 273 780 308 et
805 266 954 308 arbuta
977 265 1114 317 ramis,

67 331 278 385 densaque
303 330 492 387 virgultis
517 330 637 372 avide
661 330 854 371 labrusca
877 335 1093 384 petuntur3

66 393 170 435 haec
193 408 394 449 suspensa
417 392 526 448 rapit
551 398 745 448 carpente
770 391 986 433 cacumina
1009 406 1150 433 morsu

67 455 134 497 vel
159 456 293 497 salicis
318 456 454 498 lentae
479 456 545 497 vel
570 470 678 510 quae
701 468 811 496 nova
834 453 1019 495 nascitur
1042 454 1176 504 alnus,

66 517 170 559 haec
194 525 355 560 teneras
381 517 578 559 fruticum
604 523 739 559 sentes
763 516 949 565 rimatur,
975 523 1017 558 at
1039 516 1111 558 illa

66 579 239 622 inminet
262 580 414 635 inrigui
439 580 667 635 praestanti
692 578 890 634 marginis
914 579 1050 621 ulvae.

123 640 163 682 O
189 642 300 683 bona
324 642 499 697 pastoris
525 642 670 696 (siquis
694 656 777 683 non
802 641 995 696 pauperis
1021 656 1144 683 usum

0 715 2 728 ’
66 710 204 746 mente
227 705 342 759 prius
368 705 490 746 docta
513 704 697 746 fastidiat
722 710 763 746 et
786 703 936 759 probet
959 703 1040 744 illis

67 767 226 808 somnia
248 767 437 809 luxuriae
467 767 646 822 spretis),
670 766 882 821 incognita
907 766 1029 815 curis,

67 842 173 882 quae
198 829 383 871 lacerant
407 829 550 870 avidas
574 829 741 871 inimico
766 835 932 884 pectore
957 827 1135 871 mentes!

67 890 101 932 si
125 906 208 932 non
233 892 410 947 Assyrio
435 892 599 947 fulgent
623 892 687 932 bis
711 891 825 933 lauta
849 892 985 933 colore

67 954 260 995 Attalicis
287 954 435 1009 opibus
461 955 558 996 data
582 954 747 1003 vellera,
774 953 808 994 si
832 953 941 995 nitor
965 953 1055 995 auri

68 1016 145 1057 sub
169 1016 364 1070 laqueare
390 1017 537 1058 domus
563 1017 747 1057 animum
770 1031 854 1057 non
879 1016 996 1071 angit
1019 1031 1192 1057 avarum

66 1078 337 1133 picturaeque
362 1079 501 1127 decus,
525 1079 713 1133 lapidum
735 1093 814 1121 nec
838 1079 977 1134 fulgor
1001 1078 1043 1119 in
1071 1079 1156 1120 ulla

67 1141 256 1196 cognitus
280 1141 455 1183 utilitate
479 1149 631 1190 movet,
656 1155 734 1183 nec
757 1141 907 1196 pocula
933 1140 1108 1183 Graium

67 1203 240 1244 Alconis
264 1204 451 1245 referunt
475 1203 717 1258 Rhoecique
742 1210 942 1254 toreuma,
967 1218 1044 1246 nec
1069 1203 1165 1244 Indi

68 1264 249 1307 conchea
273 1265 378 1308 baca
402 1267 527 1307 maris
551 1266 684 1321 pretio
710 1272 790 1308 est:
816 1273 859 1307 at
882 1272 1049 1321 pectore
1073 1280 1177 1322 puro

67 1342 191 1383 saepe
215 1343 341 1383 super
364 1335 505 1370 tenero
530 1329 752 1384 prosternit
775 1329 964 1383 gramine
990 1343 1155 1384 corpus,

67 1390 212 1432 florida
235 1405 330 1432 cum
355 1391 476 1433 tellus
500 1398 757 1447 gemmantes
781 1391 893 1447 picta
916 1406 991 1446 per
1015 1391 1165 1433 herbas

68 1468 164 1495 vere
188 1460 304 1495 notat
328 1454 438 1495 dulci
463 1454 656 1496 distincta
681 1454 887 1496 coloribus
913 1469 1025 1503 arva,

67 1523 191 1570 atque
214 1516 345 1565 illum,
373 1517 531 1557 calamo
555 1517 710 1558 laetum
734 1516 943 1558 recinente
968 1516 1142 1572 palustri

68 1578 234 1632 otiaque
258 1578 413 1620 invidia
437 1579 658 1634 degentem
683 1594 731 1621 ac
755 1578 903 1621 fraude
928 1586 1088 1620 remota

67 1641 372 1697 pollentemque
396 1641 488 1692 sibi,
515 1642 635 1683 viridi
658 1641 742 1683 iam
765 1642 934 1697 palmite
959 1643 1103 1684 lucens

67 1704 232 1746 Tmolia
255 1705 476 1759 pampineo
501 1705 644 1747 subter
669 1719 788 1746 coma
812 1706 923 1746 velat
947 1705 1113 1746 amictu.

66 1766 126 1808 illi
150 1773 247 1808 sunt
269 1774 412 1822 gratae
436 1774 622 1809 rorantes
648 1767 755 1809 lacte
780 1767 963 1822 capellae

69 1839 110 1872 et
132 1845 278 1872 nemus
304 1836 345 1871 et
367 1829 546 1871 fecunda
570 1830 694 1871 Pales
721 1837 761 1872 et
784 1830 961 1871 vallibus
986 1831 1097 1871 intus

67 1908 231 1948 semper
255 1906 384 1946 opaca
407 1892 526 1934 novis
549 1892 761 1934 manantia
784 1892 970 1934 fontibus
996 1900 1123 1934 antra.

68 1957 160 2010 quis
185 1955 317 2009 magis
343 1961 483 2009 optato
508 1962 634 2009 queat
657 1969 747 1997 esse
774 1955 932 1996 beatior
957 1969 1072 2003 aevo,

69 2033 194 2072 quam
219 2017 290 2071 qui
314 2023 451 2058 mente
476 2017 589 2058 lucro
615 2032 720 2072 pura
744 2032 955 2071 censuque
979 2017 1155 2072 probato

68 2095 151 2121 non
175 2079 318 2122 avidas
344 2079 530 2134 adposcit
554 2094 653 2134 opes
679 2094 755 2122 nec
779 2080 911 2121 tristia
935 2080 1045 2122 bella

67 2158 144 2186 nec
168 2143 334 2185 funesta
356 2142 474 2183 timet
498 2142 659 2184 validae
683 2142 907 2183 certamina
931 2142 1087 2192 classis,

67 2221 158 2256 nec,
183 2205 323 2261 spoliis
348 2205 447 2246 dum
471 2211 616 2246 sancta
640 2205 764 2247 deum
788 2205 1045 2260 fulgentibus
1071 2211 1187 2247 ornet

67 2268 224 2324 templa
247 2267 313 2309 vel
337 2274 504 2309 evectus
528 2267 653 2308 finem
678 2268 943 2309 transcendat
966 2267 1161 2317 habendi,

69 2332 289 2374 adversum
315 2330 448 2382 saevis
473 2331 581 2371 ultro
607 2341 732 2385 caput
755 2330 944 2372 hostibus
969 2330 1114 2373 offert?

68 2394 128 2436 illi
153 2393 259 2435 falce
285 2393 384 2434 deus
410 2393 569 2441 colitur,
594 2407 677 2433 non
703 2399 788 2434 arte
813 2393 979 2448 politus,

67 2457 137 2498 ille
161 2455 257 2497 colit
280 2455 409 2504 lucos,
436 2455 494 2496 illi
517 2455 731 2496 Panchaia
754 2461 847 2497 tura

68 2518 240 2560 floribus
266 2524 449 2572 agrestes
474 2517 628 2559 herbae
654 2517 908 2559 variantibus
934 2517 1100 2567 adflant,

68 2581 127 2622 illi
152 2580 283 2621 dulcis
309 2580 426 2621 adest
448 2580 613 2634 requies
638 2587 678 2622 et
702 2596 805 2635 pura
829 2581 1034 2635 voluptas,

68 2643 211 2692 libera,
237 2642 491 2699 simplicibus
517 2643 624 2685 curis
632 2659 643 2694 3
667 2642 750 2685 huc
774 2643 959 2693 inminet,
987 2658 1129 2685 omnes

1328 150 1409 197 357

1437 277 1479 309 52

1437 463 1480 494 55

1439 776 1480 806 60

1439 1087 1480 1119 65

1439 1401 1481 1432 70

1440 1714 1480 1744 75

1438 2028 1480 2060 80

1437 2342 1478 2374 85

1437 2653 1478 2685 90
