1628 2847
464 157 716 195 AENEIDOS
740 158 836 193 LIB.
862 158 948 193 XII.
1184 189 1189 194 .
1299 147 1382 191 345

41 272 148 307 terra
172 264 271 305 mihi
296 262 511 316 manisque
537 262 658 304 deam
682 261 869 303 demittat
894 261 946 302 ad
969 261 1116 303 imos?

41 333 201 368 tantum
226 326 351 367 effata
375 332 499 379 caput
524 324 673 379 glauco
699 323 880 365 contexit
904 324 1070 372 amictu,
1404 334 1469 366 885

40 389 170 430 multa
192 402 376 443 gemens,
402 393 443 428 et
466 400 509 428 se
533 386 659 427 fluvio
685 386 762 428 dea
787 385 971 427 condidit
996 386 1092 427 alto.

95 451 262 491 Aeneas
287 449 411 490 instat
436 455 579 490 contra
603 449 812 502 telumque
837 456 1027 489 coruscat

38 512 184 567 ingens
210 511 428 552 arboreum
454 517 495 552 et
519 525 643 552 saevo
669 511 727 552 sic
750 517 917 565 pectore
941 509 1071 551 fatur:

41 579 165 628 ‘quae
184 588 294 614 nunc
308 573 458 614 deinde
471 587 586 614 mora
607 573 691 614 est?
716 580 787 613 aut
799 572 899 626 quid
911 572 1008 622 iam,
1022 573 1177 621 Turne,
1191 572 1414 614 retractas?

38 650 120 677 non
146 650 282 684 cursu,
306 635 440 676 saevis
465 635 707 676 certandum
731 642 793 676 est
816 635 1047 676 comminus
1073 635 1210 676 armis.
1405 645 1469 676 890

39 703 152 739 verte
177 697 310 738 omnis
335 704 416 739 tete
441 697 483 738 in
508 697 635 738 facies
660 703 701 738 et
725 696 933 746 contrahe,
958 697 1161 751 quidquid

39 759 126 801 sive
151 759 298 801 animis
324 759 411 801 sive
435 766 521 801 arte
547 759 658 800 vales
667 775 677 808 3
703 765 801 814 opta
825 758 955 800 ardua
979 759 1114 813 pinnis

39 828 149 863 astra
173 822 289 876 sequi
315 822 584 875 clausumque
608 835 711 862 cava
735 828 774 862 te
799 821 976 862 condere
1001 821 1135 862 terra.'

38 883 106 925 ille
131 890 256 939 caput
280 898 481 938 quassans
507 889 607 924 ‘non
630 898 696 925 me
721 890 792 924 tua
815 883 975 924 fervida
1000 890 1153 925 terrent

41 945 161 995 dicta,
187 946 322 987 ferox:
349 946 390 986 di
414 961 481 987 me
506 952 660 987 terrent
684 952 724 987 et
747 945 936 1000 Iuppiter
960 945 1115 987 hostis.’
1403 957 1467 988 895

37 1022 115 1049 nec
139 1008 258 1063 plura
283 1008 431 1049 effatus
457 1024 604 1049 saxum
628 1008 905 1063 circumspicit
929 1009 1089 1063 ingens,

39 1085 185 1111 saxum
210 1070 438 1124 antiquum,
464 1071 623 1124 ingens,
649 1084 794 1125 campo
820 1071 932 1124 quod
956 1070 1062 1112 forte
1086 1070 1262 1121 iacebat,

38 1132 156 1174 limes
180 1147 280 1187 agro
305 1133 478 1187 positus,
502 1132 617 1174 litem
640 1138 687 1173 ut
711 1132 962 1174 discerneret
985 1133 1093 1174 arvis
1102 1150 1113 1183 ;

39 1195 109 1236 vix
132 1195 233 1235 illud
258 1194 351 1236 lecti
377 1195 438 1235 bis
464 1209 536 1235 sex
562 1194 722 1236 cervice
747 1195 947 1244 subirent,

39 1257 177 1310 qualia
200 1271 310 1298 nunc
335 1256 548 1297 hominum
572 1256 765 1311 producit
788 1271 961 1312 corpora
985 1258 1124 1299 tellus:
1403 1270 1468 1301 900

37 1320 106 1361 ille
131 1334 257 1360 manu
280 1325 445 1374 raptum
469 1319 630 1374 trepida
654 1319 873 1373 torquebat
895 1319 937 1360 in
961 1319 1136 1370 hostem,

38 1382 157 1423 altior
181 1381 400 1436 insurgens
426 1388 465 1422 et
490 1396 613 1422 cursu
638 1381 821 1422 concitus
846 1381 980 1423 heros.

39 1444 112 1485 sed
135 1458 270 1497 neque
295 1450 528 1485 currentem
552 1459 596 1485 se
619 1458 697 1486 nec
722 1444 934 1497 cognoscit
958 1451 1125 1486 euntem

38 1507 302 1548 tollentemve
325 1521 451 1547 manu
475 1521 704 1559 saxumque
728 1506 908 1548 immane
931 1514 1187 1557 moventem3

37 1584 174 1624 genua
197 1569 351 1617 labant,
377 1568 538 1623 gelidus
563 1568 770 1610 concrevit
795 1568 950 1623 frigore
974 1570 1158 1624 sanguis.
1403 1582 1466 1614 905

37 1638 125 1672 tum
150 1631 253 1685 lapis
277 1631 365 1685 ipse
391 1631 480 1680 viri,
506 1645 684 1672 vacuum
711 1646 782 1686 per
806 1631 927 1673 inane
952 1632 1130 1681 volutus,

37 1707 114 1734 nec
138 1693 316 1748 spatium
341 1693 472 1733 evasit
496 1699 627 1733 totum
652 1707 787 1747 neque
812 1693 981 1747 pertulit
1003 1694 1144 1735 ictum.

37 1770 86 1796 ac
110 1756 222 1796 velut
246 1755 287 1795 in
312 1755 480 1804 somnis,
505 1755 645 1796 oculos
670 1755 741 1796 ubi
766 1756 964 1810 languida
988 1757 1137 1811 pressit

36 1824 157 1858 nocte
182 1817 310 1870 quies,
335 1817 590 1871 nequiquam
615 1817 757 1859 avidos
783 1818 1004 1860 extendere
1029 1833 1174 1860 cursus

37 1880 142 1921 velle
168 1879 355 1920 videmur
379 1886 420 1921 et
442 1879 485 1920 in
508 1880 655 1921 mediis
681 1880 896 1921 conatibus
922 1881 1036 1935 aegri
1403 1894 1467 1926 910

37 1941 287 1984 succidimus
313 1941 412 1992 (non
435 1942 580 1997 lingua
604 1942 726 1990 valet,
751 1957 836 1983 non
862 1957 1032 1998 corpore
1058 1950 1180 1986 notae

37 2004 249 2046 sufficiunt
273 2004 380 2045 vires
404 2019 481 2045 nec
505 2018 587 2045 vox
611 2012 683 2045 aut
708 2005 834 2045 verba
859 2008 1118 2058 sequuntur),

36 2067 94 2108 sic
118 2067 274 2114 Turno,
300 2080 563 2120 quacumque
587 2067 697 2107 viam
721 2067 871 2108 virtute
895 2067 1054 2121 petivit,

37 2144 276 2170 successum
301 2129 378 2169 dea
403 2129 492 2169 dira
516 2136 652 2183 negat.
702 2136 789 2169 tum
815 2136 980 2184 pectore
1006 2145 1150 2171 sensus

36 2198 252 2233 vertuntur
276 2190 396 2232 varii:
423 2190 601 2232 Rutulos
628 2198 811 2246 aspectat
837 2198 876 2232 et
900 2192 1046 2233 urbem
1402 2207 1466 2238 915

37 2260 334 2306 cunctaturque
359 2259 471 2294 metu
498 2254 711 2307 telumque
734 2254 886 2295 instare
912 2255 1121 2296 tremescit

36 2330 125 2364 nec,
150 2329 232 2369 quo
258 2330 301 2357 se
326 2315 483 2370 eripiat,
508 2330 597 2364 nec,
625 2330 707 2369 qua
730 2317 770 2357 vi
794 2316 935 2357 tendat
959 2317 1000 2357 in
1026 2316 1202 2368 hostem,

0 2390 1 2414 1
36 2392 114 2419 nec
138 2392 281 2418 currus
305 2391 482 2431 usquam
507 2377 618 2420 videt
643 2378 915 2433 aurigamque
940 2393 1134 2422 sororem.

38 2440 247 2481 cunctanti
271 2440 400 2481 telum
424 2441 591 2482 Aeneas
617 2441 741 2482 fatale
766 2449 967 2491 coruscat,

0 2530 1 2545 ¹
38 2502 203 2543 sortitus
227 2501 436 2544 fortunam
460 2503 602 2551 oculis,
629 2509 670 2544 et
694 2517 863 2557 corpore
887 2511 973 2544 toto
1404 2518 1467 2550 920

37 2563 197 2605 eminus
221 2564 441 2618 intorquet.
489 2565 638 2606 murali
663 2565 824 2606 concita
847 2580 1075 2619 numquam

0 2671 1 2675 Ἰ
37 2631 240 2668 tormento
264 2627 324 2668 sic
348 2642 448 2669 saxa
472 2627 667 2677 fremunt,
692 2642 769 2669 nec
793 2627 966 2669 fulmine
992 2628 1094 2672 tanti
