1660 2847
105 498 166 527 725

103 808 166 839 730

101 1118 163 1150 735

101 1433 164 1463 740

101 1746 162 1776 745

102 2060 165 2089 750

105 2372 167 2403 755

197 125 276 167 186
612 134 653 168 P.
671 133 883 170 VERGILI
908 134 1104 172 MARONI
1109 135 1132 171 S

196 245 235 278 et
258 238 354 280 Nox
380 245 468 280 atra
492 239 633 293 polum
659 238 765 293 bigis
792 239 992 280 subvecta
1016 239 1201 280 tenebat:

195 301 282 341 visa
307 301 457 342 dehinc
483 301 596 342 eaelo
622 301 749 342 facies
775 301 946 356 delapsa
970 302 1152 356 parentis

193 362 404 404 Anchisae
431 363 567 404 subito
592 363 683 403 talis
709 363 923 404 effundere
949 378 1089 404 voces:

194 430 319 474 ‘nate‚
345 426 445 466 mihi
472 426 556 466 vita
582 425 805 478 quondam,
831 426 931 465 dum
956 425 1040 466 vita
1064 426 1272 474 manebat,

194 501 286 527 care
311 487 458 542 magis,
483 495 580 528 nate
605 487 743 528 Iliacis
770 488 949 528 exercite
974 487 1083 537 fatis,

191 549 365 604 imperio
390 549 502 590 Iovis
528 549 609 589 huc
635 549 768 597 venio,
795 549 865 602 qui
892 550 1093 590 classibus
1118 549 1259 604 ignem

193 611 352 665 depulit
376 618 417 652 et
441 611 555 652 caelo
581 611 748 652 tandem
773 611 992 652 miseratus
1018 612 1070 652 ab
1096 612 1178 652 alto
1203 619 1277 652 est.

192 674 371 714 consiliis
398 689 509 728 pare,
534 687 642 727 quae
666 688 777 714 nunc
802 673 1081 728 pulcherrima
1105 674 1264 714 Nautes

193 736 263 776 dat
287 736 435 783 senior,
461 736 589 776 lectos
615 736 800 784 iuvenes,
827 735 1054 776 fortissima
1079 735 1217 784 corda,

192 798 307 838 defer
331 798 371 838 in
397 798 575 839 [taliam.
625 813 727 853 gens
753 798 857 838 dura
883 806 1006 850 atque
1031 813 1178 852 aspera
1204 797 1317 838 cultu

192 860 439 901 debellanda
464 860 539 900 tibi
564 860 688 900 Latio
714 868 786 901 est.
837 859 949 900 Ditis
975 867 1113 900 tamen
1139 866 1234 900 ante

190 922 372 963 infernas
399 923 549 963 accede
576 923 720 963 domos
748 929 788 963 et
811 922 985 963 Averna
1010 936 1083 976 per
1109 922 1192 962 alta

190 1000 438 1039 congressus
462 992 570 1039 pete,
595 991 705 1033 nate,
730 999 857 1025 meos.
907 998 990 1024 non
1016 998 1081 1024 me
1106 983 1234 1038 impia
1258 998 1437 1036 namque

189 1047 365 1088 Tartara
390 1048 543 1088 habent
569 1047 758 1088 tristesve
784 1046 970 1094 umbrae,
997 1046 1069 1086 sed
1095 1060 1269 1086 amoena
1294 1046 1453 1100 piorum

189 1110 363 1150 concilia
388 1109 663 1163 Elysiumque
688 1109 791 1149 colo.
840 1108 921 1149 huc
947 1116 1061 1148 casta
1087 1107 1248 1161 Sibylla

189 1172 403 1225 nigrarum
428 1172 558 1212 multo
583 1171 791 1225 pecudum
816 1177 856 1212 te
882 1171 1084 1225 sanguine
1111 1170 1247 1210 ducet.

190 1242 278 1275 tum
303 1249 435 1288 genus
461 1248 582 1274 omne
608 1240 727 1274 tuum
753 1240 793 1274 et
817 1246 925 1286 quae
951 1233 1099 1273 dentur
1124 1231 1288 1272 moenia
1313 1230 1458 1272 disces.

189 1297 356 1350 iamque
381 1297 492 1337 vale:
518 1302 684 1349 torquet
708 1295 865 1336 medios
891 1295 987 1335 Nox
1012 1294 1154 1335 umida
1179 1309 1324 1335 cursus

191 1366 231 1400 et
254 1374 321 1400 me
346 1374 495 1400 saevus
521 1359 638 1412 equis
665 1356 818 1399 Oriens
844 1357 1014 1398 adflavit
1039 1356 1224 1398 anhelis?

191 1422 351 1462 dixerat
377 1428 418 1462 etv
442 1421 577 1462 tenuis
603 1420 713 1475 fugit
738 1435 814 1461 ceu
840 1420 979 1460 fumus
1004 1420 1047 1460 in
1072 1434 1206 1460 auras.

190 1486 357 1526 Aeneas
384 1489 486 1537 ‘quo
512 1484 660 1525 deinde
686 1483 795 1523 ruis?
820 1497 901 1536 quo
927 1482 1145 1537 proripis?
1173 1480 1320 1534 inquit,

191 1555 332 1600 ‘quem
360 1546 498 1600 fugis?
524 1554 595 1587 aut
621 1546 712 1599 quis
738 1553 778 1586 te
803 1545 954 1586 nostris
980 1543 1265 1598 complexibus
1292 1542 1445 1583 arcet?’

188 1610 291 1650 haec
315 1623 549 1650 memorans
575 1609 754 1649 cinerem
781 1614 821 1649 et
845 1607 999 1662 sopitos
1026 1606 1197 1647 suscitat
1221 1605 1328 1659 ignis

188 1672 553 1727 Pergameumque
578 1671 707 1711 larem
733 1677 773 1711 et
798 1685 926 1711 canae
953 1668 1180 1723 penetralia
1205 1669 1358 1709 Vestae

189 1736 298 1776 farre
323 1734 391 1789 pio
418 1742 458 1774 et
483 1735 605 1788 plena
631 1733 809 1788 supplex
835 1738 1056 1773 veneratur
1081 1746 1234 1772 acerra.

246 1797 469 1851 Extemplo
495 1796 627 1836 socios
653 1795 915 1850 primumque
942 1793 1111 1835 arcessit
1136 1794 1318 1833 Acesten

191 1867 231 1900 et
256 1859 368 1899 Iovis
395 1859 614 1913 imperium
641 1865 681 1899 et
707 1858 790 1898 cari
814 1862 1036 1912 praecepta
1060 1856 1240 1910 parentis

191 1922 337 1963 edocet
361 1929 401 1962 et
424 1935 531 1974 quae
555 1935 667 1961 nunc
693 1920 831 1960 animo
857 1918 1060 1960 sententia
1086 1924 1257 1959 constet.

190 1984 303 2025 haud
329 1998 444 2024 mora
469 1983 663 2032 consiliis,
689 1997 766 2024 nec
791 1982 904 2023 iussa
928 1988 1092 2022 recusat
1120 1981 1307 2020 Acestes.

189 2047 472 2088 transcribunt
495 2045 587 2086 urbi
613 2052 765 2086 matres
790 2045 1074 2099 populumque
1101 2043 1307 2083 volentem

192 2110 416 2164 deponunt,
444 2108 603 2149 animos
628 2108 685 2148 nil
711 2122 888 2162 magnae
913 2105 1048 2147 laudis
1074 2111 1255 2159 egentes.

191 2172 270 2227 ipsi
295 2178 472 2212 transtra
496 2178 650 2212 novant
674 2170 936 2222 flammisque
962 2168 1131 2209 ambesa
1155 2174 1361 2221 reponunt

191 2235 341 2276 robora
366 2233 556 2287 navigiis,
583 2239 728 2287 aptant
752 2247 970 2284 remosque
995 2230 1286 2283 rudentesque,

193 2297 333 2351 exigui
358 2311 544 2345 numero,
571 2295 643 2336 sed
668 2295 777 2336 bello
804 2294 942 2335 vivida
966 2293 1107 2335 virtus.

192 2361 351 2402 interea
374 2360 543 2400 Aeneas
569 2358 715 2399 urbem
741 2357 933 2411 designat
956 2363 1091 2397 aratro

195 2423 445 2476 sortiturque
471 2421 628 2469 domos,
654 2421 732 2461 hoc
757 2420 880 2460 Ilium
907 2426 948 2461 et
971 2419 1073 2459 haec
1097 2419 1189 2459 loca
1213 2417 1384 2458 Troiam

195 2501 285 2528 esse
309 2485 437 2526 iubet.
485 2483 642 2538 gaudet
667 2497 795 2537 regno
820 2482 1025 2523 Troianus
1051 2481 1226 2521 Acestes

195 2548 419 2601 indicitque
445 2546 582 2587 forum
608 2551 649 2587 et
672 2544 859 2600 patribus
885 2544 957 2584 dat
981 2543 1071 2584 iura
1097 2542 1265 2583 vocatis.

196 2619 284 2653 turn
311 2609 446 2652 vicina
470 2608 590 2650 astris
615 2607 798 2663 Erycino
822 2606 863 2648 in
889 2605 1043 2648 vertice
1070 2605 1187 2647 sedes
