1628 2847
523 165 778 202 AENELoos
800 166 898 202 LIB.
922 166 990 217 XI.

85 270 247 313 hastam
272 271 436 312 intorsit
460 285 566 324 equo
593 271 833 325 ferrumque
858 271 936 312 sub
962 286 1061 312 aure
1086 269 1266 324 reliquit.

87 347 170 387 quo
197 334 361 389 sonipes
385 334 471 375 ictu
495 334 594 374 furit
620 334 773 375 arduus
799 333 965 387 altaque
990 333 1116 374 iactat

85 396 266 437 vulneris
291 396 495 450 inpatiens
522 403 681 437 arrecto
706 402 872 450 pectore
897 410 1031 436 crura.

85 458 264 499 volvitur
287 458 354 499 ille
380 473 578 500 excussus
604 459 731 499 humi.
782 456 958 498 Catillus
984 457 1119 498 Iollan

84 519 377 574 ingentemque
403 520 563 569 animis,
590 521 803 575 ingentem
829 534 1000 574 corpore
1027 527 1067 561 et
1091 519 1230 569 armis,

85 582 208 622 deicit
232 583 511 631 Herminium,
538 583 650 623 nudo
676 583 742 624 cui
767 583 921 624 vertice
946 582 1062 622 fulva

85 644 286 685 caesaries
310 645 495 698 nudique
519 644 671 693 umeri3
697 659 773 686 nec
798 645 972 685 vulnera
997 650 1168 693 terrent3

85 713 222 747 tantus
247 706 290 747 in
315 722 429 748 arma
453 714 577 762 patet.
627 708 731 748 latos
757 707 854 748 huic
879 707 998 747 hasta
1022 721 1096 761 per
1120 720 1256 747 armos

85 775 177 811 acta
200 769 339 810 tremit
363 770 631 824 duplicatque
656 770 791 810 virum
816 769 1015 810 transfixa
1040 768 1195 810 dolore.

83 829 270 871 funditur
295 838 382 873 ater
406 832 561 885 ubique
587 846 721 881 cruor,
747 831 848 872 dant
871 831 1019 872 funera
1043 831 1152 872 ferro

84 899 286 934 certantes
312 894 611 947 pulchramque
635 900 784 948 petunt
806 908 880 948 per
904 893 1076 934 vulnera
1100 898 1289 933 mortem.

139 956 199 996 At
224 957 381 997 medias
406 956 512 998 inter
537 956 684 997 caedes
710 957 869 997 exultat
892 956 1099 1004 Amazon,

83 1033 213 1058 unum
240 1026 380 1059 exerta
404 1019 511 1059 latus
537 1034 718 1074 pugnae,
744 1018 984 1073 pharetrata
1009 1017 1201 1067 Camilla,

83 1086 124 1120 et
146 1095 257 1121 nunc
280 1081 392 1121 lenta
417 1096 543 1121 manu
569 1096 769 1136 spargens
794 1081 960 1122 hastilia
985 1080 1144 1129 denset,

82 1157 193 1183 nunc
218 1143 399 1184 validam
424 1144 568 1184 dextra
593 1143 701 1198 rapit
723 1143 933 1185 indefessa
957 1143 1180 1197 bipennem
1189 1158 1200 1191 3

83 1219 233 1246 aureus
258 1221 309 1247 ex
334 1220 478 1247 umero
504 1212 623 1247 sonat
649 1221 768 1247 arcus
795 1213 837 1248 et
860 1222 975 1247 arma
999 1206 1176 1246 Dianae.

81 1267 151 1308 illa
175 1268 312 1317 etiam,
338 1268 541 1322 siquando
565 1269 608 1309 in
634 1276 798 1324 tergum
822 1269 943 1324 pulsa
967 1268 1149 1317 recessit,

82 1329 241 1385 spicula
265 1345 464 1372 converso
489 1331 695 1385 fugientia
720 1331 861 1387 dirigit
885 1346 997 1373 arcu.

82 1401 124 1433 at
148 1392 302 1434 circum
327 1394 458 1434 lectae
483 1393 667 1442 comites,
692 1393 934 1447 Larinaque
959 1394 1077 1448 virgo

81 1455 289 1509 Tullaque
314 1462 355 1496 et
380 1462 562 1497 aeratam
588 1456 778 1509 quatiens
802 1456 983 1510 Tarpeia
1008 1455 1199 1504 securim,

80 1517 264 1567 Italides,
290 1532 392 1571 quas
417 1519 509 1572 ipsa
534 1519 660 1560 decus
687 1519 765 1559 sibi
791 1519 857 1558 dia
883 1517 1062 1559 Camilla

82 1580 236 1634 delegit
261 1580 459 1634 pacisque
484 1581 614 1621 bonas
639 1581 822 1634 bellique
847 1581 1069 1629 ministras,

80 1642 224 1695 quales
249 1642 466 1684 Threiciae
492 1657 586 1684 cum
610 1643 782 1684 flumina
807 1642 1129 1684 Thermodontis

80 1705 248 1759 pulsant
272 1711 313 1746 et
335 1705 456 1760 pictis
482 1705 689 1746 bellantur
713 1706 951 1746 Amazones
977 1704 1114 1754 armis,

81 1782 155 1808 seu
179 1767 335 1809 circum
359 1768 620 1822 Hippolyten
645 1783 719 1809 seu
745 1783 839 1809 cum
864 1782 908 1808 se
932 1767 1089 1808 Martia
1115 1781 1239 1807 curru

78 1829 346 1871 Penthesilea
369 1830 507 1879 refert,
532 1845 769 1884 magnoque
793 1830 980 1871 ululante
1004 1829 1186 1870 tumultu

80 1892 260 1933 feminea
284 1892 471 1933 exultant
494 1892 645 1933 lunatis
672 1892 839 1948 agmina
862 1892 996 1947 peltis.

80 1970 204 2010 quem
229 1955 310 1996 telo
335 1955 528 2009 primum,
552 1969 678 2008 quem
703 1962 971 2009 postremum,
998 1968 1145 2008 aspera
1169 1952 1302 2007 virgo,

81 2017 232 2059 deicis?
262 2024 335 2058 aut
358 2024 461 2070 quot
484 2017 600 2058 humi
624 2017 841 2058 morientia
865 2031 1038 2071 corpora
1062 2015 1227 2056 fundis?

80 2080 276 2121 Euneum
301 2078 441 2134 Clytio
465 2080 645 2134 primum
669 2086 804 2134 patre:
831 2080 948 2121 cuius
974 2085 1165 2133 apertum

81 2142 244 2184 adversi
267 2142 393 2197 longa
417 2142 725 2183 transverberat
748 2142 883 2183 abiete
908 2148 1071 2196 pectus3

81 2204 294 2259 sanguinis
318 2205 387 2245 ille
413 2219 582 2245 vomens
607 2204 717 2245 rivos
743 2204 854 2245 cadit
878 2211 1002 2257 atque
1029 2209 1243 2244 cruentam

80 2267 240 2308 mandit
263 2266 436 2307 humum
462 2266 724 2320 moriensque
750 2281 825 2307 suo
850 2281 894 2307 se
918 2266 960 2306 in
986 2266 1157 2306 vulnere
1183 2271 1333 2306 versat.

1352 155 1435 200 315

80 2335 169 2370 tum
193 2328 327 2369 Lirim
351 2328 649 2383 Pagasumque
675 2343 817 2383 super:
844 2343 1022 2382 quorum
1047 2328 1150 2369 alter
1175 2327 1360 2368 habenas

81 2390 240 2432 suffuso
264 2390 476 2431 revolutus
502 2404 609 2444 equo
635 2390 734 2431 dum
759 2390 929 2445 colligit,
955 2390 1058 2431 alter

81 2452 180 2494 dum
206 2452 318 2493 subit
341 2467 390 2493 ac
415 2452 604 2494 dextram
627 2452 783 2494 labenti
808 2452 938 2494 tendit
963 2453 1177 2500 inermem,

80 2514 326 2569 praecipites
351 2514 586 2569 pariterque
611 2522 749 2556 ruunt,
797 2515 860 2555 his
887 2514 1001 2555 addit
1024 2515 1270 2555 Amastrum

81 2576 352 2632 Hippotaden
377 2577 645 2630 sequiturque
669 2577 915 2618 incumbens
939 2577 1099 2618 eminus
1124 2576 1243 2617 hasta

1461 467 1524 498 640

1461 776 1523 808 645

1458 1087 1522 1118 650

1457 1398 1520 1430 655

1456 1711 1520 1742 660

1456 2024 1518 2054 665

1453 2338 1518 2369 670

82 2638 300 2692 Tereaque
319 2639 690 2694 Harpalycumque
711 2647 751 2681 et
765 2639 1090 2695 Demophoonta
1110 2639 1425 2695 Chromimque3
1452 2651 1514 2683 675
