1660 2847
495 163 748 202 AENEIDOS
772 165 868 200 LIB.
895 165 999 202 VIII.
1339 156 1421 198 247

77 283 196 324 gens,
219 268 329 310 bello
354 268 580 323 praeclara,
606 269 714 324 iugis
738 268 890 310 insedit
913 268 1112 310 Etruscis.
1446 281 1512 312 480

77 330 186 372 hanc
210 332 361 372 multos
385 331 600 372 florentem
624 345 753 372 annos
778 346 852 372 rex
877 330 1026 373 deinde
1054 331 1232 385 superbo

77 391 251 447 imperio
277 399 316 434 et
342 392 474 433 saevis
500 393 634 434 tenuit
657 392 894 434 Mezentius
919 393 1057 433 armis.

78 454 179 507 quid
203 468 427 495 memorem
451 453 642 495 infandas
667 455 826 502 caedes,
852 454 953 507 quid
977 454 1088 495 facta
1112 454 1277 510 tyranni

78 516 230 557 effera?
254 516 295 557 di
320 516 444 571 capiti
468 516 599 571 ipsius
626 517 852 572 generique
876 516 1107 558 reservent!

77 585 239 619 mortua
263 578 363 632 quin
388 579 512 619 etiam
537 578 740 633 iungebat
764 593 937 633 corpora
961 578 1080 628 vivis,
1447 590 1511 621 485

78 653 328 694 componens
354 640 629 694 manibusque
653 655 800 681 manus
826 647 951 694 atque
977 641 1118 682 oribus
1147 656 1234 690 ora,

76 701 269 742 tormenti
293 717 438 757 genus,
465 709 506 743 et
529 702 642 744 sanie
667 703 848 756 taboque
873 702 1040 744 fluentis

77 763 298 817 complexu
321 764 363 805 in
388 764 537 806 misero
561 765 687 819 longa
712 764 770 806 sic
794 771 926 806 morte
950 765 1138 807 necabat.

77 831 119 866 at
143 825 241 866 fessi
266 826 433 868 tandem
460 827 569 868 cives
594 827 767 868 infanda
790 826 997 868 furentem

77 887 224 928 armati
249 887 558 930 circumsistunt
581 889 799 944 ipsumque
824 889 1093 944 domumque,
1446 901 1512 932 490

76 948 327 991 obtruncant
349 950 496 1001 socios,
520 952 660 1006 ignem
685 952 738 992 ad
762 951 931 1006 fastigia
953 952 1124 993 iactant.

75 1011 143 1053 ille
167 1012 274 1054 inter
298 1014 467 1055 caedem
491 1014 743 1055 Rutulorum
768 1015 933 1069 elapsus
957 1014 1000 1056 in
1025 1029 1147 1070 agros

76 1074 302 1130 confugere
327 1082 368 1117 et
391 1076 522 1116 Turni
549 1076 763 1117 defendier
786 1076 960 1131 hospitis
986 1077 1124 1118 armis.

76 1150 174 1191 ergo
200 1137 331 1178 omnis
357 1138 473 1179 furiis
499 1138 677 1179 surrexit
700 1137 869 1179 Etruria
893 1138 1024 1187 iustis,

74 1212 218 1253 regem
242 1200 295 1240 ad
319 1199 570 1255 supplicium
593 1200 800 1255 praesenti
825 1200 963 1241 Marte
988 1207 1224 1255 reposcunt.
1446 1211 1511 1242 495

75 1259 138 1301 his
164 1275 242 1317 ego
266 1268 321 1310 te,
346 1262 506 1312 Aenea,
532 1262 746 1304 ductorem
771 1262 938 1303 milibus
963 1262 1128 1303 addam.

75 1329 160 1364 toto
184 1337 364 1377 namque
388 1324 573 1365 fremunt
597 1324 830 1366 condensae
854 1324 972 1366 litore
997 1339 1174 1379 puppes,

75 1385 277 1440 signaque
300 1385 408 1428 ferre
431 1386 593 1436 iubent;
619 1387 770 1428 retinet
793 1387 1024 1441 longaevus
1049 1386 1258 1441 haruspex

74 1446 161 1488 fata
184 1462 334 1489 canens
360 1452 419 1489 “o
442 1448 664 1490 Maeoniae
690 1449 850 1490 delecta
873 1449 1083 1498 iuventus,

74 1509 149 1550 flos
175 1516 361 1551 veterum
384 1510 599 1565 virtusque
625 1510 771 1559 virum,
799 1525 904 1564 quos
928 1511 1062 1552 iustus
1086 1511 1130 1552 in
1154 1510 1314 1552 hostem
1447 1523 1512 1554 500

73 1571 156 1614 fert
179 1572 296 1613 dolor
320 1578 361 1614 et
384 1573 531 1614 merita
555 1573 746 1615 accendit
769 1573 1007 1615 Mezentius
1031 1573 1106 1623 ira,

73 1633 176 1674 nulli
200 1633 262 1675 fas
286 1633 393 1675 Italo
418 1641 576 1676 tantam
602 1635 855 1690 subiungere
880 1642 1067 1691 gentem:

75 1702 265 1737 externos
291 1703 431 1752 optate
456 1697 623 1739 duces.’'
671 1704 760 1738 tum
785 1697 964 1739 Etrusca
988 1697 1142 1739 resedit

74 1757 153 1800 hoc
177 1758 285 1800 acies
312 1773 472 1814 campo,
498 1759 664 1800 monitis
691 1760 886 1801 exterrita
911 1760 1064 1801 divom.

73 1820 161 1876 ipse
186 1827 369 1862 oratores
394 1822 448 1862 ad
470 1836 537 1863 me
561 1822 762 1877 regnique
788 1837 983 1863 coronam
1447 1836 1511 1867 505

75 1897 170 1924 cum
194 1890 355 1938 sceptro
379 1884 492 1925 misit
516 1885 767 1938 mandatque
792 1885 973 1940 insignia
997 1884 1206 1934 Tarchon,

75 1945 296 1987 succedam
322 1946 464 1987 castris
488 1946 789 2001 Tyrrhenaque
813 1962 944 2002 regna
968 1961 1196 2001 capessam.

75 2007 149 2049 sed
173 2007 273 2048 mihi
297 2008 414 2049 tarda
438 2008 536 2063 gelu
561 2010 789 2063 saeclisque
815 2009 940 2050 effeta
965 2015 1156 2050 senectus

74 2068 234 2110 invidet
255 2070 475 2125 imperium
500 2085 698 2124 seraeque
724 2071 777 2111 ad
801 2070 924 2112 fortia
948 2070 1071 2112 vires.

75 2138 218 2173 natum
244 2133 492 2183 exhortarer,
517 2133 561 2174 ni
584 2134 739 2174 mix-tus
763 2140 895 2175 matre
921 2132 1090 2175 Sabella
1447 2150 1512 2181 510

75 2193 172 2236 hinc
195 2201 355 2249 partem
379 2196 536 2250 patriae
560 2196 753 2238 traheret.
802 2203 860 2245 tu,
886 2195 1004 2238 cuius
1029 2202 1072 2237 et
1094 2195 1212 2238 annis

76 2263 118 2298 et
141 2257 284 2312 generi
306 2257 393 2299 fata
416 2258 648 2313 indulgent,
674 2272 799 2312 quem
823 2258 995 2300 numina
1019 2265 1207 2313 poscunt,

76 2319 306 2374 ingredere,
332 2334 355 2360 ο
381 2320 592 2361 Teucrum
618 2327 742 2374 atque
766 2320 920 2362 Italum
943 2320 1168 2363 fortissime
1194 2321 1351 2364 ductor.

76 2380 187 2422 hunc
211 2381 286 2421 tibi
309 2388 534 2436 praeterea,
559 2397 653 2437 spes
680 2389 721 2423 et
746 2383 898 2424 solacia
921 2383 1063 2431 nostri,

76 2442 271 2484 Pallanta
294 2443 538 2499 adiungam3
564 2444 642 2485 sub
667 2451 707 2485 te
732 2445 906 2486 tolerare
929 2445 1129 2500 magistro
1447 2458 1510 2489 515

77 2505 264 2546 militiam
289 2512 331 2546 et
352 2520 480 2560 grave
503 2506 654 2547 Martis
681 2522 797 2561 opus,
830 2514 901 2548 tua
926 2521 1095 2549 cernere
1120 2507 1231 2549 facta

79 2567 309 2617 adsuescat,
334 2567 475 2622 primis
501 2575 541 2610 et
563 2575 604 2610 te
627 2569 798 2610 miretur
822 2569 875 2610 ab
900 2569 1030 2610 annis.

78 2629 268 2671 Arcadas
292 2629 390 2672 huic
415 2631 573 2685 equites
597 2631 660 2673 bis
685 2638 865 2683 centum,
889 2632 1041 2674 robora
1062 2631 1186 2688 pubis
