1660 2847
535 134 788 172 AENEmos
811 135 907 170 LIB.
934 134 1039 171 VIII.
1378 123 1460 166 251

75 251 78 254 ’
117 253 315 282 consessu
338 254 503 289 caveae,
527 239 691 294 magnis
716 238 971 280 circensibus
998 238 1114 287 actis,

118 301 336 344 addiderat
360 302 581 356 subitoque
605 316 761 343 novum
786 315 1037 355 consurgere
1062 299 1218 342 bellum

117 363 351 405 Romulidis
376 364 582 418 Tatioque
607 364 695 405 seni
720 362 987 416 Curibusque
1012 362 1180 404 severis.

116 432 212 481 post
234 425 344 467 idem
368 425 474 467 inter
498 441 541 467 se
565 426 699 481 posito
725 425 948 467 certamine
972 439 1092 479 reges

118 488 266 529 armati
287 487 400 529 Iovis
426 494 521 530 ante
547 503 659 529 aram
685 494 934 542 paterasque
962 493 1149 528 tenentes
1491 494 1555 526 640

118 550 284 591 stabant
307 555 350 591 et
373 564 494 591 caesa
516 550 748 604 iungebant
771 549 940 590 foedera
964 563 1103 602 porca.

117 610 230 653 haud
253 612 397 666 procul
420 611 517 653 inde
543 612 647 653 citae
671 612 854 653 Mettum
878 611 921 651 in
946 610 1110 651 diversa
1134 609 1362 665 quadrigae

118 672 362 714 distulerant
384 675 442 726 (at
466 680 511 714 tu
536 673 668 721 dietis,
694 673 873 721 Albane,
901 672 1126 723 maneresl)

117 735 392 789 raptabatque
416 735 494 777 viri
517 735 728 777 mendacis
753 735 912 776 viscera
937 735 1086 775 Tullus

117 811 191 851 per
215 797 361 838 silvam
387 804 428 839 et
452 798 583 852 sparsi
606 798 805 839 rorabant
829 797 1032 852 sanguine
1057 811 1217 851 vepres.
1492 805 1554 836 645

115 873 194 900 nec
217 874 300 900 non
324 860 600 914 Tarquinium
625 860 802 901 eiectum
826 859 1043 901 Porsenna
1066 858 1240 900 iubebat

117 920 305 976 accipere
328 921 572 977 ingentique
597 923 744 963 urbem
769 921 985 963 obsidione
1009 921 1238 976 premebat,

116 983 343 1026 Aeneadae
367 984 410 1025 in
434 985 587 1025 ferrum
615 999 689 1039 pro
714 984 905 1025 libertate
931 984 1121 1025 ruebant.

115 1045 233 1086 illum
257 1046 489 1102 indignanti
515 1047 690 1087 similem
715 1047 974 1099 similemque
999 1045 1174 1087 minanti

117 1107 336 1162 aspiceres,
361 1115 530 1163 pontem
555 1109 726 1150 auderet
751 1109 849 1161 quia
873 1108 1025 1149 vellere
1052 1108 1200 1150 Cocles
1492 1117 1558 1148 650

117 1176 159 1211 et
181 1170 354 1211 fluvium
379 1170 525 1211 vinclis
550 1170 714 1211 innaret
740 1169 901 1211 Cloelia
924 1170 1071 1224 ruptis.

114 1231 158 1273 in
182 1246 344 1273 summo
369 1239 506 1274 custos
531 1233 736 1287 Tarpeiae
760 1233 946 1273 Manlius
972 1232 1077 1273 arcis

116 1294 253 1336 stabat
276 1309 351 1350 pro
376 1296 530 1350 templo
556 1302 597 1336 et
622 1293 830 1349 Capitolia
855 1295 964 1336 celsa
988 1294 1158 1336 tenebat

115 1356 405 1411 Romuleoque
429 1372 573 1399 recens
598 1357 793 1399 horrebat
817 1357 933 1412 regia
957 1357 1106 1398 culmo.

116 1425 242 1472 atque
264 1419 332 1460 hic
358 1419 510 1460 auratis
536 1419 712 1460 volitans
738 1426 961 1475 argenteus
987 1433 1108 1460 anser
1492 1428 1556 1460 655

116 1481 344 1536 porticibus
372 1480 517 1523 Gallos
542 1481 585 1522 in
609 1481 750 1522 limine
776 1481 921 1522 adesse
947 1481 1144 1530 canebat3

117 1543 230 1586 Galli
253 1559 327 1598 per
352 1544 499 1585 dumos
525 1545 699 1585 aderant
723 1558 945 1597 arcemque
971 1544 1183 1593 tenebant,

117 1606 277 1647 defensi
301 1606 481 1647 tenebris
507 1613 548 1648 et
573 1607 682 1647 dono
706 1607 838 1647 noctis
867 1621 1042 1661 opacae:

116 1683 243 1710 aurea
267 1669 468 1710 caesaries
495 1669 584 1709 ollis
610 1675 735 1722 atque
760 1683 887 1709 aurea
911 1668 1052 1717 vestis,

116 1730 286 1786 virgatis
310 1730 451 1772 lucent
476 1730 644 1785 sagulis,
671 1737 760 1771 tum
783 1730 918 1772 lactea
943 1731 1048 1771 colla
1493 1739 1557 1770 660

117 1807 218 1834 auro
242 1792 520 1842 innectuntur,
547 1792 629 1833 duo
654 1792 830 1846 quisque
855 1792 1014 1848 Alpina
1039 1797 1259 1834 coruscant

116 1869 243 1911 gaesa
267 1869 407 1904 manu,
433 1854 560 1895 scutis
586 1854 761 1910 protecti
787 1869 961 1910 corpora
983 1854 1133 1909 longis.

116 1917 183 1958 hic
208 1917 430 1958 exultantis
456 1917 578 1958 salios
604 1917 822 1971 nudosque
847 1917 1039 1972 lupercos

116 1980 407 2034 lanigerosque
433 1979 571 2034 apices
596 1986 637 2021 et
658 1981 777 2034 lapsa
801 1979 950 2020 ancilia
975 1980 1089 2020 caelo

118 2041 348 2091 extuderat,
374 2048 513 2083 castae
538 2043 747 2084 ducebant
772 2057 889 2083 sacra
912 2057 987 2096 per
1010 2042 1159 2083 urbem
1490 2050 1553 2081 665

117 2103 281 2158 pilentis
305 2111 459 2146 matres
484 2105 527 2145 in
551 2105 758 2146 mollibus.
806 2104 903 2145 hinc
928 2104 1072 2159 procul
1099 2103 1214 2144 addit

118 2165 338 2207 Tartareas
364 2167 489 2208 etiam
514 2167 645 2217 sedes,
672 2167 755 2208 alta
779 2167 882 2207 ostia
906 2166 1032 2215 Ditis,

118 2234 160 2270 et
183 2228 385 2270 scelerum
409 2244 566 2284 poenas
591 2238 631 2270 et
656 2236 710 2278 te,
738 2227 932 2277 Catilina,
958 2228 1111 2269 minaci

116 2291 367 2346 pendentem
392 2292 561 2347 scopulo
587 2292 871 2346 furiarumque
896 2306 967 2333 ora
992 2298 1255 2339 trementem3

118 2360 382 2407 secretosque
406 2355 509 2409 pios,
535 2354 598 2396 his
625 2355 791 2396 dantem
816 2355 906 2395 iura
932 2353 1150 2395 Catonem.
1493 2363 1557 2394 670

118 2415 221 2457 haec
245 2415 351 2457 inter
374 2417 522 2458 tumidi
545 2417 627 2458 late
653 2417 777 2457 maris
801 2416 889 2457 ibat
912 2417 1065 2471 imago,

119 2493 258 2528 aurea,
284 2478 356 2520 sed
380 2479 509 2520 fluctu
534 2480 785 2534 spumabant
810 2480 974 2520 caerula
999 2492 1116 2527 can0‚

119 2548 160 2583 et
184 2541 339 2582 circum
364 2548 535 2596 argento
561 2542 660 2583 clari
686 2541 901 2596 delphines
927 2541 969 2582 in
994 2541 1138 2581 orbem

120 2618 301 2657 aequora
324 2604 544 2646 verrebant
569 2604 710 2647 caudis
737 2611 980 2658 aestumque
1007 2604 1215 2645 secabant.
