1622 2847
601 143 802 181 ECLOGA
825 145 872 181 V.
1353 136 1406 179 13

65 250 230 307 frigida,
253 249 440 306 Daphni,
465 249 593 292 boves
618 249 672 290 ad
695 248 885 298 flumina3
906 248 1025 296 ‚nulla
1048 263 1185 304 neque
1209 265 1374 293 amnem
1433 257 1474 289 25

63 313 208 355 libavit
232 314 467 368 quadrupes
490 326 568 354 nec
591 311 790 367 graminis
816 311 953 367 attigit
976 311 1164 354 herbam.

63 375 249 431 Daphni,
273 382 392 418 tuum
413 375 580 416 Poenos
607 374 732 416 etiam
755 374 1009 429 ingemuisse
1033 374 1173 416 leones

62 437 273 479 interitum
296 444 542 491 montesque
567 436 645 478 feri
670 436 883 490 silvaeque
907 436 1148 490 loquuntur.

61 499 254 555 Daphnis
278 507 319 541 et
342 499 565 541 Armenias
591 513 715 540 curru
740 499 993 553 subiungere
1018 499 1136 555 tigris

61 561 249 612 instituit,
273 561 467 617 Daphnis
491 561 647 603 thiasos
672 561 868 603 inducere
892 561 1051 603 Bacchi
1431 568 1474 600 30

62 631 102 666 et
125 624 234 666 foliis
258 624 390 666 lentas
414 624 599 665 intexere
624 624 817 665 mollibus
842 624 996 665 hastas.

60 686 154 727 vitis
178 693 225 727 ut
249 686 467 728 arboribus
493 686 632 728 decori
658 693 732 736 est,
758 693 805 727 ut
828 686 982 727 vitibus
1007 701 1128 736 uvae,

58 755 104 790 ut
127 748 326 804 gregibus
349 748 467 797 tauri,
491 755 653 804 segetes
677 755 723 790 ut
747 748 974 804 pinguibus
1000 748 1124 798 arvis,

58 818 104 852 tu
128 810 255 852 decus
280 825 403 852 omne
427 811 522 852 tuis.
546 818 769 866 postquam
794 817 834 852 te
858 810 946 852 fata
970 812 1165 860 tulerunt,

56 871 147 927 ipsa
168 873 294 915 Pales
319 888 441 928 agros
466 880 590 927 atque
614 873 704 928 ipse
727 872 895 927 reliquit
918 873 1087 928 Apollo,
1428 881 1470 912 35

56 935 232 989 grandia
256 951 379 991 saepe
404 935 556 990 quibus
581 935 872 976 mandavimus
897 934 1053 976 hordea
1077 936 1215 986 sulcis,

55 997 200 1039 infelix
223 998 367 1040 lolium
393 1006 433 1040 et
457 998 616 1040 steriles
641 1005 871 1054 nascuntur
895 1013 1050 1040 avenae
1059 1015 1070 1048 3

54 1074 130 1114 pro
155 1060 268 1101 molli
291 1060 414 1110 viola,
439 1075 514 1115 pro
539 1075 747 1115 purpureo
773 1060 957 1101 narcisso

56 1122 235 1163 carduus
261 1129 301 1163 et
325 1122 454 1177 spinis
478 1122 612 1177 surgit
637 1122 824 1176 paliurus
851 1122 996 1163 acutis.

55 1184 237 1239 spargite
261 1184 436 1225 humum
460 1184 583 1234 foliis,
607 1184 792 1225 inducite
816 1184 1002 1225 fontibus
1028 1185 1211 1235 umbras,
1425 1195 1468 1225 40

54 1254 239 1301 pastores
265 1247 451 1298 (mandat
474 1247 564 1287 fieri
588 1246 667 1287 sibi
691 1246 790 1288 talia
815 1246 1040 1301 Daphnis),

54 1315 95 1350 et
117 1309 324 1350 tumulum
349 1309 471 1350 facite
497 1316 537 1350 et
561 1309 721 1349 tumulo
747 1309 1012 1363 superaddite
1038 1324 1222 1351 carmen:

53 1370 265 1426 ‘Daphnis
290 1386 368 1426 ego
393 1371 436 1412 in
461 1371 587 1419 silvis,
613 1371 709 1412 hinc
733 1386 865 1425 usque
890 1371 943 1412 ad
968 1371 1105 1413 sidera
1127 1380 1265 1423 notus,

52 1433 223 1474 formosi
247 1433 408 1488 pecoris
433 1440 584 1483 custos,
610 1433 830 1474 formosior
853 1434 970 1488 ipse.’

108 1495 198 1537 ΜΕ.
228 1496 333 1537 Tale
357 1504 474 1537 tuum
499 1510 666 1538 carmen
688 1496 823 1546 nobis,
848 1496 986 1538 divine
1012 1503 1148 1551 poeta,
1423 1506 1465 1538 45

53 1558 174 1611 quale
199 1572 322 1613 sopor
345 1557 465 1600 fessis
489 1558 533 1599 in
556 1558 757 1614 gramine,
782 1558 905 1612 quale
930 1574 1004 1613 per
1028 1566 1190 1601 aestum

53 1621 184 1662 dulcis
209 1635 342 1675 aquae
367 1621 539 1663 saliente
565 1621 677 1662 sitim
701 1621 960 1676 restinguere
985 1621 1087 1664 rivo,

50 1698 128 1724 nec
152 1683 320 1724 calamis
346 1683 481 1725 solum
506 1683 763 1739 aequiperas,
789 1684 862 1725 sed
886 1699 989 1726 voce
1012 1684 1271 1740 magistrum.

50 1746 260 1788 fortunate
284 1761 400 1801 puer,
426 1754 472 1787 tu
495 1761 606 1787 nunc
631 1747 710 1787 eris
735 1746 838 1788 alter
863 1747 915 1788 ab
940 1747 1024 1788 illo.

50 1822 126 1849 nos
149 1815 289 1850 tamen
313 1808 417 1850 haec
441 1823 706 1862 quocumque
730 1809 853 1850 modo
878 1809 955 1850 tibi
979 1816 1120 1852 nostra
1144 1810 1326 1852 vicissim
1422 1821 1464 1852 50

51 1870 236 1912 dicemus
260 1870 559 1926 Daphnimque
584 1879 702 1912 tuum
728 1871 921 1913 tollemus
948 1872 1000 1913 ad
1024 1880 1147 1922 astra,

49 1932 252 1988 Daphnin
276 1933 330 1974 ad
354 1940 465 1974 astra
488 1933 688 1975 feremus:
720 1934 874 1975 amavit
896 1949 972 1975 nos
997 1949 1163 1989 quoque
1188 1934 1394 1991 Daphnis.

49 1995 141 2037 Mo.
171 1996 245 2036 An
267 1995 491 2049 quicquam
514 1995 634 2036 nobis
659 1995 731 2036 tali
755 1996 807 2037 sit
831 2011 1001 2038 munere
1027 1997 1185 2038 maius?

51 2064 92 2099 et
114 2072 218 2113 puer
240 2057 329 2112 ipse
353 2057 433 2098 fuit
457 2058 614 2098 cantari
639 2058 789 2112 dignus
815 2066 856 2099 et
878 2058 957 2099 ista

49 2119 134 2162 iam
157 2119 318 2174 pridem
343 2118 577 2161 Stimichon
600 2120 785 2161 laudavit
811 2121 995 2161 carmina
1018 2121 1152 2162 nobis.
1419 2135 1460 2165 55

105 2182 195 2222 ΜΕ.
227 2180 443 2223 Candidus
468 2182 677 2223 insuetum
702 2181 876 2222 miratur
899 2183 1025 2224 limen
1051 2182 1225 2239 Olympi

51 2244 128 2285 sub
153 2244 412 2299 pedibusque
436 2244 549 2285 videt
573 2244 707 2285 nubes
733 2250 774 2285 et
798 2244 934 2286 sidera
958 2245 1164 2300 Daphnis.

51 2321 150 2362 ergo
176 2307 321 2348 alacris
346 2306 471 2348 silvas
496 2313 536 2347 et
561 2313 697 2348 cetera
721 2322 818 2348 rura
842 2308 1032 2362 voluptas

48 2369 251 2422 Panaque
275 2376 544 2424 pastoresque
569 2376 681 2410 tenet
705 2369 967 2424 dryadasque
992 2371 1164 2426 puellas.

49 2446 126 2473 nec
150 2432 272 2486 lupus
295 2431 465 2472 insidias
489 2431 630 2486 pecori
653 2446 730 2473 nec
753 2433 857 2473 retia
880 2434 1011 2474 cervis
1418 2447 1459 2478 60

49 2494 135 2535 ulla
159 2493 300 2534 dolum
324 2493 592 2542 meditantur3
619 2502 731 2535 amat
754 2494 887 2535 bonus
912 2495 996 2537 otia
1020 2495 1227 2551 Daphnis.

49 2555 129 2610 ipsi
153 2555 308 2596 laetitia
331 2570 453 2597 voces
478 2556 531 2596 ad
556 2556 690 2597 sidera
713 2556 868 2598 iactant

49 2617 202 2660 intonsi
224 2624 399 2668 montes,
422 2618 537 2673 ipsae
560 2619 644 2660 iam
668 2619 852 2661 carmina
875 2634 1013 2674 rupes,
