1622 2847
528 148 782 187 AENEIDOS
807 149 903 184 LIB.
929 149 959 186 I.
1337 138 1418 181 103

65 254 232 296 Italiam
258 254 410 296 dixisse
435 254 553 296 ducis
580 254 630 296 de
655 254 822 295 nomine
846 260 1028 308 gentem.

18 312 22 346 Ῐ
65 316 134 357 hic
159 332 304 358 cursus
329 317 426 357 fuit:
981 328 984 333 '

67 393 163 419 cum
188 379 325 419 subito
351 379 582 433 adsurgens
607 379 736 419 fluctu
760 378 974 419 nimbosus
1001 376 1136 418 Orion
1442 387 1507 418 535

66 440 110 481 in
133 441 241 482 vada
265 455 390 483 caeca
414 441 507 482 tulit
532 441 780 495 penitusque
804 440 1051 495 procacibus
1077 439 1225 480 austris

66 517 223 557 perque
249 504 382 544 undas
408 512 629 558 superante
655 503 755 551 salo,
781 516 938 557 perque
962 502 1073 543 invia
1098 517 1199 542 saxa

11 599 17 602 .
67 565 255 619 dispulit3
280 566 361 607 huc
387 566 510 620 pauci
535 565 681 607 vestris
708 565 955 606 adnavimus
980 564 1073 605 oris.

67 627 178 681 quod
192 643 325 682 genus
339 628 417 669 hoc
431 627 668 668 hominum?
676 641 837 681 quaeve
850 626 961 667 hunc
975 634 1060 667 tam
1071 626 1248 667 barbara
1261 640 1418 667 morem

66 690 267 744 permittit
291 690 448 744 patria?
472 690 651 745 hospitio
676 689 947 744 prohibemur
971 689 1149 729 harenae
1158 705 1168 737 3
1442 698 1507 728 540

67 751 178 792 bella
202 752 311 793 cient
335 753 552 807 primaque
577 759 720 793 vetant
746 752 969 793 consistere
993 759 1116 792 terra.

66 813 101 854 si
124 829 258 868 genus
283 814 512 855 humanum
538 823 579 856 et
602 814 792 855 mortalia
816 814 997 856 temnitis
1023 829 1150 861 arma,

67 882 109 915 at
134 883 294 930 sperate
320 876 418 917 deos
444 891 647 918 memores
672 876 790 917 fandi
814 884 939 929 atque
963 875 1146 916 nefandi.

65 952 140 978 rex
165 946 251 979 erat
275 939 444 980 Aeneas
468 939 602 988 nobis,
627 953 709 992 quo
734 938 879 979 iustior
904 938 1007 979 alter

4 1036 6 1040 ,
66 1014 144 1041 nec
169 1001 320 1055 pietate
346 1001 425 1042 fuit
450 1016 527 1042 nec
551 1001 660 1042 bello
685 1001 817 1042 maior
842 1008 882 1042 et
907 1001 1044 1041 armis.
1443 1010 1508 1040 545

67 1076 193 1115 quem
217 1063 252 1104 si
276 1063 363 1104 fata
387 1063 523 1104 virum
548 1071 727 1110 servant,
753 1063 787 1103 si
812 1063 992 1104 vescitur
1017 1077 1118 1103 aura

2 1123 11 1133 ³
67 1124 249 1166 aetheria
272 1140 407 1179 neque
434 1125 571 1166 adhuc
596 1125 833 1166 crudelibus
858 1125 1035 1166 occubat
1059 1124 1231 1174 umbris,

0 1190 10 1238 ij
66 1201 150 1228 non
174 1195 323 1237 metus,
349 1188 486 1229 officio
511 1203 588 1229 nec
613 1196 653 1229 te
679 1195 858 1229 certasse
881 1187 1062 1242 priorem

0 1301 3 1307 Ι
65 1250 287 1304 paeniteat.
337 1259 432 1291 sunt
457 1258 495 1292 et
523 1249 676 1291 Siculis
700 1250 940 1305 regionibus
965 1250 1088 1290 urbes

3 1325 8 1347 ·.
67 1326 264 1365 armaque
290 1312 556 1365 Troianoque
582 1328 606 1353 a
631 1312 834 1367 sanguine
860 1312 995 1353 clarus
1022 1313 1211 1353 Acestes.
1441 1323 1507 1352 550

67 1384 306 1427 quassatam
332 1375 466 1416 ventis
491 1375 614 1416 liceat
640 1375 872 1416 subducere
897 1375 1073 1416 classem

6 1444 13 1487 -j
68 1444 106 1477 et
132 1436 243 1477 silvis
270 1446 411 1492 aptare
436 1437 573 1478 trabes
602 1446 639 1478 et
667 1437 869 1492 stringere
893 1452 1043 1486 remos,

9 1499 11 1502 ’
67 1498 102 1539 si
127 1499 248 1540 datur
272 1500 437 1541 Italiam
463 1500 584 1541 sociis
610 1508 650 1541 et
674 1515 773 1555 rege
797 1508 965 1555 recepto

66 1562 251 1611 tendere,
277 1570 321 1602 ut
346 1562 510 1603 Italiam
535 1563 631 1604 laeti
656 1562 912 1616 Latiumque
937 1569 1128 1617 petamus
1138 1579 1148 1611 3

67 1623 130 1664 sin
155 1624 376 1678 absumpta
401 1625 524 1674 salus,
552 1632 591 1666 et
616 1632 669 1674 te,
695 1633 812 1679 pater
836 1624 989 1679 optime
1015 1625 1239 1675 Teucrum,
1441 1634 1504 1663 555

2 1686 15 1711 ¹·
66 1694 217 1740 pontus
242 1687 367 1727 habet
392 1687 556 1741 Libyae
580 1702 657 1729 nec
683 1703 776 1742 spes
801 1687 884 1728 iam
909 1695 1036 1728 restat
1060 1688 1155 1736 Iuli,

67 1756 108 1789 at
133 1748 239 1790 freta
264 1748 455 1790 Sicaniae
481 1750 626 1790 saltem
652 1750 853 1803 sedesque
878 1758 1057 1804 paratas,

67 1811 177 1852 unde
202 1811 282 1851 huc
308 1811 483 1860 advecti,
508 1826 734 1867 regemque
759 1821 949 1867 petamus
977 1812 1186 1853 Acesten.’

0 1866 7 1907 ἒ
67 1873 219 1914 talibus
244 1874 447 1924 Ilioneus3
474 1875 613 1916 cuncti
637 1875 759 1916 simul
785 1889 855 1916 ore
881 1875 1115 1916 fremebant

5 1979 7 1982 Α
67 1935 350 1977 Dardanidae.
1441 1944 1506 1976 560

0 2004 3 2011 '
123 1997 234 2038 Tum
260 1998 438 2040 breviter
461 1998 589 2048 Dido,
615 1999 776 2040 vultum
802 1999 994 2048 demissa,
1020 1999 1227 2054 profatur:

10 2102 12 2104 ,
70 2060 234 2101 ‘solvite
259 2061 381 2101 cordc
407 2070 577 2109 metum,
603 2061 768 2110 Teucri,
795 2061 995 2102 secludite
1021 2076 1154 2102 curas.

67 2137 132 2163 res
158 2122 262 2163 dura
286 2131 326 2164 et
351 2123 468 2177 regni
493 2123 654 2164 novitas
680 2139 746 2164 me
772 2123 871 2164 talia
895 2132 1050 2178 cogunt

67 2184 203 2225 moliri
228 2192 268 2225 et
291 2185 372 2226 late
396 2185 489 2226 finis
515 2186 684 2226 custode
709 2185 828 2226 tueri.

68 2246 160 2300 quis
184 2261 317 2301 genus
342 2248 604 2297 Aeneadum,
630 2248 721 2302 quis
747 2248 897 2289 Troiae
922 2248 1080 2289 nesciat
1104 2249 1251 2291 urbem
1440 2260 1503 2290 565

69 2309 325 2363 virtutesque
349 2310 541 2364 virosque
567 2318 637 2351 aut
662 2310 766 2351 tanti
790 2310 982 2351 incendia
1006 2311 1127 2351 belli?

68 2385 151 2412 non
175 2371 353 2411 obtunsa
377 2372 480 2413 adeo
505 2382 718 2427 gestamus
743 2380 910 2426 pectora
933 2373 1080 2421 Poeni,

69 2448 145 2474 nec
170 2441 254 2474 tam
279 2448 448 2474 aversus
474 2449 601 2487 equos
626 2435 755 2489 Tyria
781 2434 854 2476 Sol
878 2435 1012 2490 iungit
1038 2435 1091 2476 ab
1116 2436 1231 2478 urbe.

70 2511 143 2537 seu
167 2511 239 2537 vos
265 2496 511 2550 Hesperiam
537 2512 732 2552 magnam
760 2496 1040 2550 Saturniaque
1065 2514 1165 2540 arva

71 2558 156 2599 sive
180 2558 328 2613 Erycis
353 2558 446 2599 finis
471 2574 696 2614 regemque
721 2559 870 2614 optatis
895 2561 1091 2610 Acesten,
1438 2574 1504 2603 570

71 2621 222 2662 auxilio
246 2628 356 2662 tutos
381 2621 583 2662 dimittam
609 2622 840 2676 opibusque
864 2623 1030 2664 iuvabo.
