1628 2847
648 197 826 236 CVLEX.

68 303 265 345 devotum
289 304 410 346 tellus
434 303 690 358 consumpsit
713 302 890 358 gurgitis
915 300 1040 351 unda,

66 365 236 406 RIucius
262 374 314 415 et,
339 366 522 422 prudens
547 366 736 408 ardorem
762 379 933 420 corpore
958 379 1120 420 passus,

65 427 266 469 limitibus
292 428 413 470 cessit
438 428 504 469 cui
528 428 660 469 fracta
682 427 868 482 potentia
891 427 1001 482 regis
1010 442 1020 475 ;

65 489 133 530 hic
159 488 312 531 Curius
338 490 473 531 clarae
499 490 633 531 socius
659 490 821 531 virtutis
847 496 888 531 et
912 489 980 530 ille

67 549 289 601 Caecilius,
314 552 464 594 devota
490 552 604 593 dedit
628 552 700 605 qui
724 566 898 606 corpora
921 550 1113 600 flammis,

65 612 370 668 Scipiadaeque
395 614 534 663 duces,
561 628 738 667 quorum
764 613 913 655 devota
938 611 1158 667 triumphis

65 675 229 717 moenia
254 677 432 731 vepretis
457 676 645 730 Libycae
669 675 945 731 Karthaginis
970 675 1150 716 horrent.

63 737 153 779 iure
177 738 303 793 igitur
328 739 429 780 tales
455 739 574 781 sedes
598 739 763 794 pietatis
790 739 980 779 honores.

63 798 122 840 illi
145 800 269 842 laude
293 817 369 843 sua
393 801 580 857 vigeant3
607 816 684 856 ego
709 800 820 842 Ditis
845 814 997 855 opacos

64 876 192 917 cogor
216 863 329 905 adire
353 865 481 912 lacus,
507 865 667 913 viduos,
694 879 730 913 a,
756 863 912 905 lumine
936 862 1112 911 Phoebi,

65 932 103 965 et
127 932 292 966 vastum
315 926 622 981 Phlegethonta
646 926 746 981 pati,
772 940 868 979 quo,
894 925 1073 966 maxime
1098 923 1252 975 Minos,

64 989 345 1030 conscelerata
367 989 437 1044 pia
461 989 659 1030 discernis
685 988 853 1030 saecula
877 987 987 1029 sede.

65 1064 163 1104 ergo
187 1050 271 1091 iam
296 1065 464 1092 causam
488 1052 643 1100 mortis,
669 1051 752 1092 iam
778 1051 915 1092 dicere
941 1050 1050 1090 vitae

63 1111 306 1154 verberibus
331 1128 480 1155 saevae
505 1120 661 1168 cogunt
687 1113 764 1154 sub
789 1113 924 1154 iudice
949 1112 1132 1161 Poenae,

63 1188 159 1214 cum
183 1174 285 1215 mihi
309 1181 355 1216 tu
379 1175 433 1216 sis
459 1190 585 1217 causa
609 1175 720 1224 mali,
745 1190 822 1216 nec
848 1174 1037 1217 conscius
1063 1173 1193 1215 adsis:

63 1236 136 1277 sed
160 1237 445 1279 tolerabilibus
471 1238 580 1279 curis
605 1237 708 1279 haec
731 1237 934 1278 inmemor
959 1236 1078 1278 audis

63 1305 103 1339 et
126 1299 306 1341 lamenta
330 1300 448 1354 vagis
473 1300 655 1342 dimittes
681 1300 819 1341 omnia
842 1299 976 1340 ventis

62 1367 103 1401 et
126 1376 219 1403 mea
244 1362 417 1403 diffusas
442 1362 655 1417 rapientur
679 1362 789 1403 dicta
812 1377 886 1417 per
911 1376 1046 1403 auras.

61 1423 271 1479 digredior
294 1439 523 1478 numquam
547 1425 766 1466 rediturus.
814 1433 860 1465 tu
884 1425 973 1466 cole
996 1423 1132 1466 fontes

62 1493 104 1528 et
126 1486 277 1528 virides
302 1502 519 1528 nemorum
545 1487 670 1528 silvas
695 1495 735 1529 et
759 1502 916 1542 pascua
938 1486 1098 1528 laetus?

61 1548 165 1589 dixit
189 1556 230 1590 et
253 1556 437 1591 extrema
461 1550 586 1591 tristis
612 1565 708 1591 cum
732 1564 833 1591 voce
857 1550 1039 1591 recessit.

116 1612 244 1652 Hunc
268 1612 341 1652 ubi
365 1612 586 1654 sollicitum
611 1612 764 1653 dimisit
787 1613 935 1653 inertia
960 1613 1083 1661 vitae,

59 1673 230 1715 interius
254 1675 436 1729 graviter
459 1682 753 1730 regementem,
778 1690 855 1716 nec
880 1675 972 1716 tulit
997 1675 1106 1715 ultra

60 1737 249 1778 sensibus
272 1737 459 1778 infusum
484 1738 626 1779 culicis
651 1737 702 1779 de
726 1745 859 1779 morte
884 1738 1082 1786 dolorem,

59 1806 441 1854 quantumcumque
466 1800 545 1841 sibi
569 1800 675 1842 vires
701 1800 882 1841 tribuere
908 1800 1057 1841 seniles

60 1862 170 1915 (quis
195 1869 332 1904 tamen
356 1862 553 1903 infestum
576 1878 770 1917 pugnans
796 1862 1006 1903 devicerat
1029 1862 1221 1915 hostem),

58 1925 195 1965 rivum
217 1931 386 1979 propter
410 1940 542 1979 aquae
567 1925 687 1966 viridi
713 1925 791 1966 sub
817 1925 964 1966 fronde
988 1925 1186 1966 latentem

60 1986 319 2028 conformare
341 1987 480 2028 locum
504 1988 614 2042 capit
637 1987 812 2043 inpiger.
860 1988 971 2028 hunc
996 1994 1037 2028 et
1059 1987 1102 2028 in
1127 1987 1270 2029 orbem

60 2049 238 2091 destinat
261 2063 309 2090 ac
333 2049 431 2090 ferri
457 2050 652 2103 capulum
676 2049 866 2104 repetivit
891 2050 933 2090 in
958 2064 1095 2098 usum,

58 2111 315 2167 gramineam
339 2119 385 2152 ut
409 2112 529 2152 viridi
554 2111 713 2152 foderet
737 2111 788 2152 de
814 2112 994 2166 caespite
1019 2119 1184 2153 terram.

58 2175 142 2215 iam
164 2189 323 2216 memor
345 2174 557 2229 inceptum
580 2189 783 2229 peragens
809 2174 887 2215 sibi
912 2189 1012 2215 cura
1036 2174 1222 2216 laborem

59 2244 303 2291 congestum
328 2236 555 2278 cumulavit
579 2251 683 2291 opus
708 2243 832 2290 atque
856 2252 1009 2292 aggere
1034 2237 1165 2278 multo

59 2299 216 2341 telluris
240 2299 424 2340 tumulus
448 2299 672 2340 formatum
696 2299 825 2340 crevit
848 2299 891 2340 in
915 2299 1076 2348 orbem3

59 2377 183 2416 quem
209 2361 364 2402 circum
387 2361 569 2416 lapidem
593 2360 674 2402 levi
699 2361 750 2403 de
775 2376 979 2403 marmore
1004 2362 1188 2403 formans

59 2423 250 2473 conserit,
276 2423 474 2466 adsiduae
499 2438 622 2464 curae
647 2437 817 2465 memor.
866 2424 933 2465 hic
957 2432 996 2465 et
1022 2425 1222 2466 acanthus

59 2494 100 2528 et
122 2501 216 2527 rosa
239 2501 447 2541 purpureo
472 2486 617 2528 crescit
641 2486 885 2540 pudibunda
909 2487 1060 2528 rubore

60 2556 100 2591 et
123 2549 256 2590 violae
281 2563 402 2590 omne
426 2564 573 2604 genus,
598 2548 666 2590 hic
690 2555 752 2590 est
775 2556 816 2590 et
839 2549 1037 2590 Parthica
1061 2557 1220 2605 myrtus

59 2618 183 2665 atque
207 2611 453 2666 hyacinthus
479 2619 520 2653 et
543 2611 610 2652 hic
636 2610 757 2652 Cilici
782 2626 926 2653 crocus
953 2612 1086 2654 editus
1113 2628 1225 2661 arvo,

57 2674 198 2717 laurus
223 2674 320 2717 item
345 2674 508 2716 Phoebi
532 2689 706 2730 surgens
731 2673 871 2724 deOUS,
897 2674 962 2717 hic
987 2675 1286 2733 rhododaphnc

1328 185 1414 231 365

1438 375 1501 406 365

1435 623 1500 655 370

1436 687 1499 716 371

1436 749 1500 779 369

1437 812 1500 842 372

1435 998 1498 1029 375

1433 1311 1499 1343 380

1432 1623 1496 1654 385

1430 1937 1495 1968 390

1429 2251 1493 2281 395

1426 2565 1492 2595 400
