1660 2847
563 144 816 181 AENEIDOS
840 144 936 179 Lm.
960 144 1006 181 V.

165 249 250 291 Hic
273 249 451 305 primum
475 249 662 290 Fortuna
686 248 811 290 fidem
835 255 995 290 mutata
1018 248 1198 291 novavit.

110 311 211 353 dum
236 312 360 353 variis
386 311 545 352 tumulo
569 311 755 352 referunt
779 311 995 352 sollemnia
1019 311 1142 360 ludis,

108 374 211 414 Irim
236 374 287 416 de
311 374 425 414 caelo
449 373 561 413 misit
586 372 785 413 Saturnia
808 372 916 413 Iuno

107 436 280 476 Iliacam
305 435 358 476 ad
382 436 556 476 classem
580 442 810 489 ventosque
836 434 1019 489 adspirat
1045 434 1172 484 eunti,

109 498 239 539 multa
261 511 431 538 movens
456 497 634 538 necdum
660 497 877 551 antiquum
903 503 1086 537 saturata
1111 497 1309 538 dolorem.

107 559 191 609 illa,
216 560 326 600 viam
352 560 535 601 celerans
559 574 634 614 per
657 559 769 600 mille
795 559 1002 600 coloribus
1034 573 1189 608 arcum,

107 621 211 662 nulli
235 621 323 662 visa
347 621 428 662 cito
453 621 633 662 decurrit
656 621 820 662 tramite
845 621 976 675 virgo.

109 683 312 738 conspicit
334 683 547 739 ingentem
572 697 822 724 concursum
847 689 887 724 et
910 683 1032 724 litora
1054 683 1203 724 lustrat

108 745 377 799 desertosque
402 746 515 786 videt
538 752 682 800 portus
708 746 966 798 classemque
990 745 1188 786 relictam.

107 815 149 847 at
173 808 316 861 procul
341 808 383 848 in
409 808 496 848 sola
521 814 703 848 secretae
727 807 914 848 Troades
940 814 1032 848 acta

106 869 305 910 amissum
330 869 546 911 Anchisen
570 869 728 910 flebant
752 878 1008 922 cunctaeque
1034 869 1290 923 profundum

105 937 282 986 pontum
307 931 578 987 aspectabant
601 932 759 973 fientes.
807 931 889 973 heu
915 938 975 972 tot
1000 932 1106 973 vada
1135 933 1253 973 fessis

107 1001 148 1035 et
171 1000 332 1035 tantum
357 1009 574 1049 superesse
599 994 738 1043 maris,
764 1008 846 1035 vox
871 994 1063 1034 omnibus
1088 1009 1190 1043 una3

106 1057 252 1098 urbem
276 1063 407 1106 orant,
434 1056 573 1098 taedet
596 1056 735 1111 pelagi
760 1055 944 1110 perferre
968 1056 1167 1098 laborem.

107 1134 206 1173 ergo
230 1119 337 1161 inter
361 1120 518 1160 medias
544 1134 634 1160 sese
658 1118 771 1159 haud
795 1119 942 1174 ignara
965 1119 1143 1160 nocendi

106 1182 256 1223 conicit
280 1188 321 1223 et
344 1182 577 1235 faciemque
602 1181 705 1222 deae
730 1188 972 1235 vestemque
997 1182 1173 1236 reponit,

104 1244 152 1286 fit
173 1245 323 1294 Beroe,
349 1244 507 1285 Tmarii
532 1243 714 1285 coniunx
736 1244 944 1299 longaeva
966 1244 1155 1298 Dorycli,

106 1307 173 1348 cui
196 1322 330 1361 genus
356 1314 396 1347 et
419 1306 629 1360 quondam
654 1321 807 1347 nomen
831 1306 1000 1359 natique
1031 1306 1222 1356 fuissent,

104 1383 153 1410 ac
179 1369 238 1410 sic
261 1368 554 1409 Dardanidum
579 1368 758 1410 mediam
785 1383 828 1409 se
853 1368 1056 1409 matribus
1081 1368 1224 1409 infert:

104 1434 148 1471 ‘o
171 1431 361 1480 miserae,
387 1445 490 1484 quas
515 1446 597 1472 non
623 1431 790 1471 manus⁷
816 1430 951 1484 inquit
975 1431 1184 1472 ‘Achaica
1209 1431 1318 1473 bello

102 1493 276 1534 traxerit
298 1493 350 1534 ad
375 1494 504 1535 letum
529 1493 686 1548 patriae
713 1493 792 1533 sub
817 1493 1054 1534 moenibus!
1081 1508 1105 1534 o
1129 1509 1233 1549 gens

102 1555 260 1603 infelix,
287 1555 353 1596 cui
378 1563 417 1596 te
443 1554 568 1595 exitio
592 1555 781 1595 Fortuna
805 1556 1012 1595 reservat?

103 1617 280 1672 septima
303 1623 398 1672 post
420 1616 571 1657 Troiae
597 1617 806 1658 excidium
830 1617 913 1657 iam
939 1617 1112 1658 vertitur
1138 1625 1286 1668 aestas,

104 1695 198 1722 cum
223 1679 342 1728 freta,
368 1694 463 1720 cum
487 1685 616 1720 terras
642 1679 789 1728 omnis,
816 1685 877 1720 tot
900 1679 1109 1735 inhospita
1134 1695 1235 1721 saxa

102 1742 322 1795 sideraque
347 1756 538 1783 emensae
562 1741 748 1791 ferimur,
774 1741 873 1782 dum
897 1756 971 1796 per
995 1757 1109 1784 mare
1133 1758 1334 1798 magnum

101 1804 267 1846 Italiam
293 1803 506 1858 sequimur
530 1803 762 1858 fugientem
787 1810 828 1845 et
852 1804 1059 1845 volvimur
1083 1805 1219 1846 undis.

102 1866 170 1907 hic
194 1865 343 1921 Erycis
367 1866 470 1907 fines
495 1865 668 1907 fraterni
692 1873 816 1920 atque
841 1866 992 1921 hospes
1017 1868 1213 1909 Acestes:

103 1928 195 1982 quis
220 1928 413 1983 prohibet
435 1942 576 1969 muros
600 1928 735 1970 iacere
760 1935 802 1970 et
825 1928 923 1970 dare
949 1929 1110 1971 civibus
1136 1930 1308 1972 urbem?

104 2005 128 2032 o
152 1991 285 2045 patria
309 1997 350 2032 et
373 1991 481 2044 rapti
504 1991 759 2044 nequiquam
784 2007 836 2033 ex
860 1991 978 2033 hoste
1003 1999 1188 2047 penates,

101 2053 269 2094 nullane
293 2053 375 2094 iam
400 2053 552 2093 Troiae
577 2053 765 2094 dicentur
789 2054 978 2095 moenia?
1002 2069 1210 2108 nusquam

102 2115 334 2156 Hectoreos
360 2115 506 2164 amnis,
529 2114 753 2156 Xanthum
778 2122 819 2156 et
844 2114 1072 2165 Simoenta,
1098 2117 1274 2159 videbo?

102 2177 203 2231 quin
228 2177 337 2232 agite
362 2185 403 2219 et
426 2192 591 2218 mecum
614 2177 816 2218 infaustas
842 2178 1000 2220 exurite
1025 2179 1189 2234 puppis.

100 2255 199 2281 nam
224 2239 325 2280 mihi
350 2237 612 2281 Cassandrae
636 2255 710 2294 per
735 2255 927 2281 somnum
952 2242 1057 2282 vatis
1081 2242 1220 2296 imago

103 2302 285 2343 ardentis
311 2301 408 2343 dare
432 2302 521 2343 visa
546 2302 677 2343 faces:
704 2302 805 2343 “hic
829 2303 1016 2356 quaerite
1042 2304 1225 2353 Troiam,

101 2364 170 2405 hic
195 2364 342 2405 domus
368 2365 460 2405 est''
486 2365 621 2418 inquit
646 2365 839 2406 “vobis''
888 2366 971 2406 iam
997 2374 1160 2421 tempus
1186 2368 1254 2423 agi
1279 2383 1357 2417 res,

101 2441 180 2468 nec
204 2427 328 2467 tantis
353 2442 468 2468 mora
491 2428 705 2483 prodigiis.
754 2443 805 2469 en
829 2436 1024 2482 quattuor
1049 2446 1144 2471 arae

101 2489 316 2544 Neptuno:
343 2489 444 2530 deus
468 2490 556 2545 ipse
581 2490 693 2531 faces
720 2490 988 2545 animumque
1014 2493 1246 2534 ministrat.’

102 2551 206 2593 haec
230 2566 462 2593 memorans
487 2553 622 2607 prima
645 2553 853 2594 infensum
885 2554 927 2594 vi
952 2555 1121 2609 corripit
1143 2556 1283 2611 ignem

103 2614 349 2669 sublataque
373 2616 519 2669 procul
543 2615 688 2657 dextra
713 2616 864 2658 conixa
889 2624 1078 2659 coruscat

1376 136 1457 179 183

1482 321 1546 353 605

1483 632 1546 663 610

1482 945 1546 976 615

1480 1257 1545 1289 620

1480 1569 1543 1600 625

1479 1881 1543 1912 630

1478 2194 1541 2224 635

1475 2505 1539 2538 640
