1654 2837
125 147 244 179 XXIV
634 155 865 183 ADNOTATIO
890 155 1058 184 CRITICA.

124 224 161 259 X
178 226 221 259 19
237 227 369 261 subulci
388 226 471 261 libri
487 227 657 274 Vergilii,
680 228 826 263 Terent.
854 229 892 263 in
904 232 1066 274 apertam
1081 228 1179 264 Galli
1195 230 1440 265 laudationem
1457 238 1559 275 geor-

125 270 239 305 Maur.
266 272 369 316 1191,
399 272 554 307 Servius.
598 273 642 308 cf.
667 274 830 319 Wagner
855 274 938 319 gica
953 274 1039 309 olim
1056 275 1183 310 exiisse
1206 287 1389 322 negemus.
1416 285 1499 309 nam
1514 283 1560 308 ne

124 315 205 350 leet.
227 316 335 362 Verg.
358 329 393 362 p.
415 318 498 352 312:
530 319 664 352 bubulci
687 319 830 353 Pierius
856 319 1060 354 Maecenati
1083 321 1245 365 quidem,
1274 321 1351 355 viro
1379 321 1424 354 de
1453 319 1560 354 rebus

124 361 410 397 0011.Τ110001·.Ι
428 364 480 397 80.
519 364 564 398 cf.
591 363 699 398 etiam
720 364 827 409 Apul.
856 364 928 399 suis
967 365 1102 410 optime
1140 366 1285 411 merito,
1324 366 1383 400 cui
1413 364 1562 410 pietatis

123 405 218 441 Flor.
233 407 250 440 I
266 407 288 441 3
305 410 341 441 et
358 408 450 452 apol.
467 409 526 452 103
543 419 615 443 ree.
634 409 796 454 plerique
815 413 825 453 Η
856 409 1117 455 significandae
1142 422 1251 446 causa
1279 421 1424 446 carmen
1451 409 1560 454 misit,

122 451 167 485 46
184 451 230 485 cf.
251 451 406 487 Servius.
443 466 534 487 mmo
562 455 705 488 insanus
732 467 830 489 amor
855 459 993 489 tantum
1010 456 1153 490 honoris
1170 461 1278 502 poeta
1293 456 1431 499 tribuit,
1449 465 1560 500 quan-

123 497 201 530 (larz‘
224 498 390 531 Mavortis
417 499 453 532 in
482 501 586 533 armis
613 506 644 534 te
662 502 785 544 procul
808 512 829 534 (ι
856 505 930 534 111111
954 501 1170 544 Octaviano,
1201 502 1302 536 cuius
1329 502 1480 536 virtutes
1507 500 1560 534 in-

118 543 239 585 patrz‘a
251 545 325 584 (nec
338 544 380 577 sie
394 545 473 577 milei
484 547 620 578 credere
633 546 827 590 quantuml)
856 546 1030 580 lustrandi
1048 547 1177 591 cupide
1195 546 1387 591 arripuerit
1403 545 1561 580 occasio-

123 588 190 620 !ela
206 589 292 621 inter
308 590 418 622 media
435 600 465 624 e.
482 600 514 634 q.
529 602 554 624 s.
573 590 792 635 Peerlkamp
811 594 821 632 Η
855 602 945 625 110111.
986 590 1085 626 Galli
1101 592 1212 637 igitur
1228 592 1396 626 laudibus
1413 592 1443 625 si
1458 594 1562 625 tanta

122 632 166 666 53
182 635 298 678 malle]
317 636 399 667 celle
416 634 513 669 idem
533 636 544 679 Η
562 636 604 669 74
627 648 662 670 se
690 637 829 680 subriyil

123 688 142 710 e
166 678 290 712 codiee
315 679 493 725 Pragensi
515 679 672 716 Kuieala
684 681 827 727 Vergil-

123 721 225 757 Stud.
245 735 279 769 p.
294 724 361 759 208
378 736 456 770 sqq.

166 813 210 847 In
234 815 543 860 georgicorum
572 820 672 851 textu
699 817 827 851 consti-

120 860 255 894 tuendo
272 859 362 894 illud
383 871 454 895 non
472 866 526 895 est
548 863 827 908 neglegendum,

121 905 217 949 quod
231 905 316 939 olim
335 916 406 940 non
420 907 509 940 nulli
521 907 588 941 viri
602 908 699 941 docti
714 907 827 951 suspi-

121 950 194 984 cati
225 954 324 995 sunt,
359 956 481 986 nostra
510 956 629 986 aetate
665 953 828 997 plerique

120 995 287 1040 probant,
306 1000 450 1041 poetam
468 1008 512 1032 ea
529 998 700 1041 earmina,
721 998 829 1032 etiam

120 1044 312 1086 postquam
346 1053 440 1076 anno
470 1043 536 1077 725
565 1044 664 1077 edita
697 1046 828 1086 essent,

119 1089 346 1121 retractasse.
373 1098 464 1132 quae
484 1089 532 1122 ad
549 1099 630 1123 eam
647 1088 827 1132 quaestio-

120 1142 202 1166 nem
219 1132 402 1176 pertinent
418 1134 487 1168 1100
503 1134 582 1168 1000
596 1134 827 1178 comprehen-

121 1177 206 1211 dere
225 1177 340 1211 visum
359 1182 422 1212 est.
451 1190 494 1213 ac
511 1179 666 1224 primum
683 1179 828 1223 quidem

120 1226 282 1257 veterum
323 1223 546 1268 testimonia,
592 1225 724 1269 quibus
766 1224 830 1257 illa

120 1268 242 1313 opinio
257 1269 459 1303 confirmari
473 1269 827 1314 putatur,excutiam.

164 1314 200 1347 A
218 1314 342 1348 Servio
359 1314 472 1359 igitur
488 1315 535 1349 ad
553 1315 633 1349 buc.
648 1315 685 1348 X
703 1316 722 1349 1
740 1315 830 1349 haec

120 1359 293 1394 adnotata
331 1363 414 1394 sunt
459 1360 551 1394 ‘hie'
590 1360 706 1399 (Corn.
744 1360 829 1394 Gal-

119 1405 188 1448 lus)
227 1404 360 1449 ‘primo
398 1405 436 1439 in
468 1406 638 1440 amicitiis
670 1405 828 1450 Augusti

120 1449 287 1484 Caesaris
310 1450 388 1485 fuit.
423 1455 550 1496 postea
573 1463 653 1486 cum
675 1452 831 1485 venisset

119 1495 158 1529 in
186 1495 440 1540 suspitionem,
471 1497 566 1540 quod
596 1500 721 1531 contra
750 1508 829 1531 eum

121 1541 336 1585 coniuraret,
360 1542 498 1575 occisus
522 1545 586 1576 est.
619 1541 689 1576 fuit
710 1545 829 1576 autem

120 1586 258 1621 amicus
287 1586 444 1632 Vergilii
475 1588 585 1631 adeo,
613 1591 653 1621 ut
681 1590 829 1631 quartus

148 1632 373 1677 eorgicorum
412 1643 433 1666 a
470 1633 590 1667 medio
627 1643 740 1677 usque
783 1633 828 1666 ad

120 1644 231 1712 {nem
269 1677 347 1711 eius
385 1678 511 1712 laudes
543 1681 701 1712 teneret:
741 1689 829 1722 quas

120 1726 249 1769 postea
270 1723 418 1757 iubente
435 1724 602 1769 Augusto
618 1724 655 1758 in
672 1723 829 1758 Aristaei

121 1768 283 1802 fabulam
323 1769 574 1805 commutavit.’
621 1769 749 1804 eadem
784 1769 828 1803 ad

122 1824 246 1859 georg.
277 1813 332 1849 IV
361 1815 379 1848 1
413 1814 465 1848 sic
496 1818 688 1848 narrantur
726 1817 829 1849 ‘sane

123 1859 326 1902 sciendum,
354 1863 395 1893 ut
416 1871 525 1904 supra
549 1860 719 1904 diximus,
747 1860 829 1894 ulti—

857 640 1000 681 tamque
1036 647 1231 681 conspicua
1269 637 1437 671 carminis
1476 646 1562 681 pars

856 682 942 715 data
969 685 1075 726 esset,
1104 681 1183 717 fieri
1210 693 1281 716 non
1309 681 1445 727 potuit,
1474 680 1561 725 quin

855 726 1029 771 principis
1051 727 1178 761 laudes
1201 738 1245 762 ea
1266 738 1304 761 re
1326 725 1476 761 mirifice
1495 725 1561 759 im-

855 772 966 806 minui
984 772 1200 806 viderentur.
1228 772 1337 806 etiam
1354 772 1441 806 artis
1458 781 1562 816 prae-

856 821 962 862 cepta
974 817 1158 863 Vergilius
1174 818 1318 851 videtur
1332 817 1562 863 neglecturus

857 862 977 906 fuisse,
1001 863 1031 896 si
1055 863 1152 897 Galli
1175 862 1386 906 laudationi,
1410 872 1432 896 a
1452 861 1562 896 rebus

855 907 994 951 reliquo
1028 908 1184 942 carmine
1217 907 1382 942 tractatis
1416 917 1562 952 prorsus

856 952 1014 996 alienae,
1058 956 1198 987 tantum
1241 953 1351 998 spatii
1392 952 1561 987 dedisset.

856 998 1012 1042 denique
1047 997 1164 1033 Servii
1196 999 1372 1042 narratio,
1407 1007 1500 1043 quae
1531 997 1563 1031 si

855 1054 941 1077 vera
969 1047 1073 1086 esset,
1104 1047 1140 1078 et
1169 1044 1213 1077 de
1242 1043 1416 1088 principis
1448 1046 1486 1077 et
1517 1043 1561 1077 de

855 1092 983 1132 poetae
1008 1088 1106 1123 fama
1127 1089 1278 1123 multum
1301 1088 1562 1132 detraheretur,

855 1133 938 1168 vide
961 1144 1069 1178 quam
1090 1145 1161 1168 non
1185 1135 1388 1168 consentiat
1403 1145 1485 1168 cum
1505 1133 1563 1167 his

856 1189 949 1222 quae
974 1179 1165 1213 Suetonius
1185 1180 1292 1258 (Aug.
1311 1180 1368 1223 (36)
1390 1179 1562 1224 prodidit,

857 1226 1060 1269 Augustum
1094 1223 1201 1258 Gallo
1233 1236 1254 1259 a
1312 1235 1437 1259 necem
1469 1235 1563 1259 com—

857 1270 960 1314 pulso
988 1270 1224 1304 illacrimasse
1255 1273 1292 1304 01
1318 1270 1434 1304 vicem
1463 1280 1564 1304 suam

857 1319 1092 1359 conquestum
1109 1326 1199 1359 esse,
1215 1315 1310 1360 quod
1324 1315 1392 1349 sibi
1410 1315 1477 1350 soli
1492 1325 1564 1349 non

857 1360 983 1395 liceret
995 1360 1121 1395 amicis
1129 1364 1306 1405 quatenus
1319 1360 1430 1395 vellet
1444 1359 1563 1395 irasci.

856 1417 901 1440 an
934 1405 1103 1450 publicae
1142 1406 1269 1440 salutis
1306 1405 1444 1440 ratione
1482 1416 1565 1440 eum

857 1454 962 1495 putas
986 1452 1153 1486 adactum
1181 1462 1275 1496 esse,
1298 1455 1339 1485 ut
1361 1450 1563 1496 Vergilium

857 1497 933 1531 eius
961 1496 1133 1539 hominis,
1163 1507 1267 1541 quem
1295 1496 1375 1542 ipse
1403 1496 1487 1531 olim
1511 1495 1563 1530 di-

857 1543 993 1576 lexerat
1038 1546 1074 1576 et
1123 1542 1318 1576 honoribus
1362 1545 1563 1583 ornaverat,

856 1587 981 1621 laudes
1005 1598 1024 1621 e
1042 1587 1224 1633 georgicis
1248 1587 1374 1622 tollere
1396 1587 1563 1622 iuberet?

856 1632 979 1677 itaque
997 1633 1041 1667 de
1059 1636 1198 1667 mutata
1214 1633 1330 1668 altera
1343 1632 1463 1678 quarti
1478 1632 1564 1667 libri

857 1683 959 1723 parte
999 1679 1096 1722 quod
1135 1677 1280 1713 Servius
1319 1681 1472 1712 testatus
1509 1681 1564 1712 est

857 1723 1085 1758 abiciendum
1118 1723 1271 1758 videtur.
1311 1726 1437 1758 eontra
1467 1723 1564 1768 quod

858 1768 1002 1803 Gallum
1021 1779 1062 1803 eo
1079 1769 1158 1803 loco
1171 1769 1356 1803 laudatum
1370 1779 1448 1803 esse
1461 1768 1563 1812 dixit,

856 1814 893 1848 id
915 1814 1011 1848 haud
1034 1814 1107 1848 scio
1130 1825 1177 1848 an
1199 1815 1246 1848 ad
1270 1815 1383 1849 bonos
1399 1817 1564 1849 auctores

857 1859 1083 1894 referendum
1117 1860 1171 1894 sit.
1219 1870 1336 1904 neque
1369 1859 1465 1894 enim
1500 1859 1563 1894 ab-

121 1915 217 1939 mam
234 1907 375 1948 partem
392 1905 497 1939 huius
520 1905 603 1939 libri
621 1916 698 1939 esse
715 1909 828 1939 muta·
856 1906 977 1939 horret
993 1916 1015 1939 a
1030 1905 1301 1950 probabilitate,
1318 1906 1356 1939 in
1373 1904 1511 1950 Orphei
1528 1907 1565 1939 et

122 1953 213 1984 tam:
231 1961 314 1983 nam
331 1950 457 1984 laudes
472 1950 569 1984 Galli
588 1951 716 1985 habuit
732 1951 830 1985 locus
856 1951 1055 2002 Eurydices
1081 1961 1202 1985 amore
1226 1951 1444 1985 celebrando
1466 1948 1565 1984 Galli

122 1995 196 2038 ille,
215 1995 276 2039 qui
294 2006 388 2030 nunc
402 1996 538 2040 Orphei
552 1998 682 2035 (aristei
696 2003 725 2030 et
744 1996 833 2039 orfei

123 2040 238 2075 Paris.
259 2040 357 2083 7959,
382 2044 421 2074 ut
439 2048 468 2074 et
486 2053 595 2086 supra
612 2053 754 2076 versum
772 2041 829 2084 sit)

857 2007 1014 2030 carmlna
1042 1995 1247 2041 Vergilium
1277 1995 1456 2030 imitatum
1485 2006 1564 2030 esse

858 2052 971 2094 eaque
988 2040 1188 2075 imitatione
1206 2040 1416 2075 amicissimi
1433 2043 1564 2085 poetae

125 2086 283 2120 continet
300 2086 473 2129 fabulam,
497 2098 590 2131 quae
609 2086 745 2121 inserta
763 2090 828 2131 est,
856 2087 992 2132 gloriae
1015 2086 1148 2121 servire
1164 2086 1347 2120 voluisse-5.
1373 2086 1411 2120 id
1431 2096 1564 2131 aequa-

124 2134 316 2176 postquam
332 2131 424 2165 irato
441 2132 609 2177 Augusto
628 2132 756 2167 Gallus
773 2144 829 2167 oe-

124 2176 219 2211 cisus
242 2176 318 2210 est.’
347 2176 456 2211 fidem
480 2178 684 2211 habueruut
707 2177 829 2212 Servio

857 2133 918 2174 les,
934 2132 996 2176 qui
1010 2131 1182 2183 legebant
1195 2131 1294 2166 Galli
1308 2131 1479 2175 carmina,
1493 2141 1564 2166 non

858 2178 962 2222 fugit,
981 2177 1044 2211 sed
1058 2176 1228 2211 mferiore
1242 2179 1362 2211 aetate
1376 2187 1482 2211 nemo
1494 2176 1565 2218 nisi
1583 2187 1587 2192 ·

123 2222 222 2256 haud
254 2222 372 2266 pauci.
419 2226 456 2256 at
488 2233 603 2267 neque
637 2223 829 2257 Suetonius
856 2223 919 2269 qui
954 2222 1158 2257 admonitus
1198 2225 1276 2256 erat
1313 2225 1444 2267 poetae
1481 2232 1564 2262 con·

123 2278 241 2312 neque
280 2267 533 2312 Philargyrius
578 2269 640 2313 qui
682 2272 831 2303 vocatur

125 2323 204 2347 eam
232 2323 307 2346 rem
331 2318 707 2357 commemoraverunt,
736 2325 829 2359 quae

123 2358 242 2392 neutri
285 2357 448 2402 profecto
494 2360 829 2394 commemoratione

124 2414 194 2437 non
212 2407 354 2447 poterat
371 2403 584 2449 dignissima
600 2404 731 2439 videri:
748 2416 830 2438 nam

125 2448 322 2484 carminum
362 2449 654 2484 Vero-ilianorum
698 2461 829 2484 memo-

890 2316 905 2341 5
929 2316 1067 2341 Fortasse
1092 2315 1178 2340 huius
1203 2315 1245 2340 rei
1271 2316 1406 2346 apertum
1432 2315 1564 2341 testimo-

857 2349 937 2374 nium
958 2349 1028 2374 olim
1048 2349 1102 2374 suit
1121 2350 1152 2374 in
1172 2349 1284 2374 scholio
1298 2349 1334 2374 ad
1348 2356 1447 2381 georg.
1460 2349 1502 2375 1v
1513 2349 1565 2375 468

857 2384 1014 2415 adscripto,
1036 2383 1113 2415 quod
1133 2385 1162 2408 et
1180 2383 1357 2408 breviatoris
1376 2383 1518 2414 inperitia
1534 2384 1564 2408 et

857 2418 1047 2443 librariorum
1083 2417 1232 2442 erroribus
1262 2418 1450 2443 obscuratum
1485 2417 1565 2442 inter

858 2452 1022 2477 Bernensia.
1045 2453 1126 2477 extat
1150 2449 1277 2477 ‘LVCVM
1300 2453 1419 2483 propter
1443 2450 1565 2477 Gallum

438 2476 459 2501 Ψ
817 2499 832 2529 t
857 2486 1000 2511 luciseum
1013 2488 1129 2517 poetam
1138 2484 1237 2516 (poeta
1249 2485 1317 2515 cod.y
1330 2483 1505 2517 emmae-qen),
1514 2485 1565 2516 qui

124 2495 214 2529 riam
238 2494 513 2539 diligentissmie
543 2499 752 2539 persecutus
777 2507 814 2530 es

857 2520 943 2546 novis
953 2520 1071 2545 studere
1081 2520 1184 2544 volens
1195 2520 1366 2552 abAugusto
1376 2519 1491 2544 occisus
1501 2517 1563 2544 est!

127 2539 714 2585 Suetonius,philargyriusautem
723 2541 830 2575 ctiam
857 2555 965 2579 frustra
983 2554 1116 2586 quaesivi
1135 2554 1205 2585 quid
1227 2561 1278 2585 pro
1300 2554 1436 2584 corrupto
1462 2550 1564 2578 ‘lucis-

124 2585 277 2619 leviores
295 2585 470 2630 quasdam
488 2586 739 2631 georgicorum
756 2598 829 2620 mu-
858 2588 938 2613 cum'
967 2589 1032 2614 sine
1056 2588 1240 2613 dubitatione
1269 2591 1473 2619 reponet-emt·
1489 2586 1564 2612 illud

125 2631 279 2665 tationes
318 2630 488 2675 prodidit.
537 2632 716 2666 accedunt
761 2632 832 2666 alia

857 2625 957 2647 tamen
981 2624 1094 2647 eertum
1118 2622 1249 2653 videtur,
1280 2622 1472 2653 interpretem
1497 2627 1564 2646 cum

858 2659 976 2688 propter
1000 2656 1118 2682 Gallum
1148 2656 1208 2681 luci
1232 2656 1413 2681 mentionem
1440 2654 1564 2680 inlatam

126 2675 213 2712 SUUS
236 2676 360 2721 umisa,
382 2676 515 2720 qUibUS
537 2677 770 2723 adducamur,
793 2680 833 2712 Ut
858 2698 922 2717 osso
936 2691 1058 2723 diceret,
1074 2691 1112 2716 ad
1126 2690 1260 2717 earmina
1272 2690 1352 2718 Galli
1365 2691 1522 2722 spectasse.
