1628 2847
164 383 228 415 925

166 695 231 727 930

167 1008 231 1040 935

252 134 335 177 346
409 143 453 180 Ρ.
477 143 687 180 VERGILI
711 142 936 179 MARONIS
961 143 1213 180 AENE1DOS
1237 143 1333 178 LIB.
1352 143 1436 178 XII.

254 248 475 289 dissultant
499 247 694 302 crepitus.
743 247 857 289 volat
881 247 958 288 atri
983 247 1157 288 turbinis
1182 247 1312 289 instar

253 310 423 352 exitium
449 310 585 351 dirum
610 308 730 351 hasta
754 310 892 351 ferens
917 323 1095 363 orasque
1119 309 1296 351 recludit

253 373 404 414 loricae
430 379 471 413 et
494 371 615 427 clipei
641 379 848 414 extremos
874 372 1152 426 septemplicis
1178 372 1311 414 orbes.

253 450 327 491 per
351 434 536 477 medium
563 434 739 475 stridens
765 434 910 475 transit
933 433 1081 475 femur.
1129 434 1274 475 incidit
1297 434 1403 475 ictus

252 498 400 553 ingens
425 496 479 537 ad
503 503 655 538 terram
680 496 889 551 duplicato
914 496 1069 551 poplite
1093 496 1276 538 Turnus.

254 565 512 614 consurgunt
535 558 694 613 gemitu
719 559 866 601 Rutuli
890 565 1084 613 totusque
1108 559 1288 614 remugit

254 637 371 663 mons
397 622 552 663 circum
577 628 617 663 et
641 636 785 663 vocem
810 622 892 662 late
918 635 1088 662 nemora
1112 622 1195 662 alta
1218 621 1443 662 remittunt.

255 685 324 726 ille
350 684 517 725 humilis
542 684 801 738 supplexque
827 684 969 724 oculos
995 683 1267 737 dextramque
1291 688 1527 738 precantem

254 747 504 803 protendens
531 746 743 800 ‘equidem
767 746 913 796 merui,
938 761 1016 788 neo
1040 746 1256 801 deprecor’
1281 745 1432 800 inquit:

256 814 391 851 ‘utere
417 816 525 851 sorte
550 815 634 850 tua.
682 809 821 850 miseri
846 816 885 850 te
911 809 1030 862 siqua
1054 809 1236 863 parentis

255 879 428 927 tangere
453 886 552 913 cura
576 878 726 926 potest,
752 885 823 912 oro
849 871 946 922 (fuit
970 878 1011 912 et
1035 871 1109 912 tibi
1134 872 1226 912 talis

256 934 464 976 Anchises
490 934 683 989 genitor),
707 933 853 974 Dauni
878 934 1071 975 miserere
1097 940 1288 975 senectae

258 1004 299 1040 et
322 1013 402 1047 me,
428 1012 502 1038 seu
528 1012 678 1051 corpus
704 996 923 1051 spoliatum
947 996 1104 1038 lumine
1129 997 1274 1044 mavi&

256 1060 384 1102 redde
408 1060 524 1101 meis.
573 1058 707 1100 vicisti
732 1066 772 1100 et
797 1059 953 1100 victum
978 1059 1147 1100 tendere
1171 1058 1331 1113 palmas

257 1122 437 1164 Ausonii
461 1121 620 1170 videre3
646 1128 718 1162 tua
743 1128 804 1162 est
828 1121 1009 1162 Lavinia
1033 1121 1232 1162 coniunx:

256 1185 430 1226 ulterius
454 1199 506 1226 ne
532 1184 654 1225 tende
679 1183 810 1224 odiis.’
858 1183 971 1224 stetit
995 1197 1089 1225 acer
1113 1183 1156 1224 in
1181 1182 1306 1224 armis

216 1286 219 1291 ,
257 1249 440 1297 Aeneas,
467 1247 636 1288 volvens
662 1246 817 1296 oculos,
843 1246 1112 1300 dextramque
1137 1245 1349 1300 repressit3

169 1324 233 1354 940

170 1637 234 1667 945

171 1950 236 1981 950

259 1319 299 1353 et
323 1311 405 1350 iam
429 1310 596 1362 iamque
620 1309 754 1364 magis
780 1315 1043 1350 cunctantem
1067 1309 1232 1350 flectere
1257 1322 1391 1349 sermo

260 1380 466 1428 coeperat,
495 1372 640 1414 infelix
664 1386 807 1413 umero
833 1387 928 1413 cum
953 1371 1145 1426 apparuit
1169 1371 1251 1413 alto

259 1437 421 1477 balteus
447 1442 487 1476 et
511 1434 618 1476 notis
643 1435 849 1476 fulserunt
873 1434 1040 1489 cingula
1064 1433 1187 1475 bullis

259 1498 463 1540 Pallantis
487 1497 618 1553 pueri,
644 1498 800 1539 victum
825 1511 949 1550 quem
974 1496 1146 1538 vulnere
1171 1496 1339 1538 Turnus

259 1567 462 1603 straverat
486 1568 610 1614 atque
635 1560 789 1601 umeris
814 1559 1029 1601 inimicum
1051 1559 1214 1614 insigne
1239 1559 1423 1613 gerebat.

258 1625 340 1674 ille,
367 1623 496 1664 oculis
521 1630 740 1678 postquam
767 1622 880 1664 saevi
903 1629 1174 1664 monumenta
1198 1621 1349 1663 doloris

260 1686 516 1740 exuviasque
540 1685 690 1735 hausit,
716 1685 834 1726 furiis
859 1700 1057 1727 accensus
1083 1691 1124 1726 et
1147 1684 1208 1725 ira

261 1749 454 1792 terribilis
481 1753 598 1790 ‘tune
623 1748 719 1790 hinc
744 1748 884 1803 spoliis
909 1748 1053 1789 indute
1077 1762 1266 1788 meorum

260 1812 435 1867 eripiare
459 1811 584 1852 mihi?
608 1811 748 1852 Pallas
773 1818 813 1852 te
837 1811 916 1852 hoc
941 1810 1124 1858 vulnere,
1148 1809 1290 1850 Pallas

259 1874 447 1916 immolat
470 1880 512 1915 et
534 1888 711 1928 poenam
736 1873 934 1915 scelerato
959 1888 1010 1915 ex
1036 1872 1237 1927 sanguine
1263 1869 1413 1913 sumit.'

260 1937 338 1979 hoc
363 1937 503 1978 dicens
528 1936 684 1977 ferrum
709 1936 885 1977 adverso
911 1936 989 1977 sub
1014 1942 1181 1990 pectore
1206 1934 1345 1975 condit

260 1999 459 2041 fervidus.
508 2005 571 2039 ast
595 1999 652 2039 illi
678 1999 895 2039 solvuntur
919 1998 1074 2053 frigore
1099 1996 1287 2039 membra

260 2062 428 2116 vitaque
453 2075 549 2103 cuin
574 2061 732 2117 gemitu
757 2061 866 2116 fugit
889 2060 1105 2115 indignata
1130 2059 1208 2100 sub
1232 2057 1415 2099 umbras.

1623 2051 1625 2086 1
