1622 2847
503 123 756 160 AENEIDOS
781 124 877 159 LIB.
901 124 931 158 Ι.

51 227 209 269 Ilionea
233 229 335 283 petit
359 228 505 269 dextra
527 227 730 282 laevaque
756 227 985 276 Serestum,

51 298 146 345 post
169 291 284 340 alios,
312 290 561 347 [fortemque
588 289 715 344 Gyan
738 291 971 343 fortemque
998 287 1285 345 Cloanthum.]

110 351 327 408 Obstipuit
349 353 482 408 primo
507 360 679 407 aspectu
705 351 879 394 Sidonia
902 352 1031 400 Dido,

52 429 151 456 casu
177 415 325 456 deinde
349 415 427 455 viri
451 421 578 464 tanto,
605 422 647 456 et
669 414 729 456 sic
753 429 823 456 ore
846 415 986 455 locuta
1011 422 1091 455 est:

52 477 164 530 ‘quis
190 484 243 526 te,
269 483 364 519 nate
391 477 481 527 dea,
506 491 581 531 per
605 483 720 517 tanta
743 476 928 531 pericula
953 491 1072 517 casus

49 539 304 593 insequitur?
328 554 435 593 quae
460 539 522 580 vis
546 538 783 580 inmanibus
809 538 991 594 adplicat
1014 538 1120 579 oris?

0 644 7 649 ,
51 607 150 642 tune
174 601 243 642 ille
268 602 449 651 Aeneas,
475 615 600 654 quem
624 600 841 641 Dardanio
866 601 1079 642 Anchisae

50 663 160 704 alma
184 664 328 706 Venus
352 663 528 718 Phrygii
553 663 698 718 genuit
724 662 949 704 Simoentis
975 663 1027 703 ad
1053 662 1232 703 undam?

51 731 175 778 atque
200 725 393 778 equidem
418 725 629 766 Teucrum
653 725 823 766 memini
849 723 1008 767 Sidona
1031 724 1173 766 venire

48 787 200 828 finibus
227 788 446 842 expulsum
470 787 627 842 patriiS‚
653 801 762 828 nova
786 802 916 842 regna
940 794 1150 841 petentem

49 848 202 890 auxilio
228 850 338 890 Beli:
364 849 526 904 genitor
550 855 638 890 tum
663 849 793 890 Belus
819 849 1000 904 opimam
1044 882 1048 886 .

49 911 240 952 vastabat
265 910 454 966 Cyprum
479 918 520 952 et
543 911 674 952 victor
699 911 860 953 dicione
886 912 1065 953 tenebat.

49 979 233 1028 tempore
257 974 340 1014 iam
365 989 416 1015 ex
439 973 510 1015 illo
535 988 654 1015 casus
679 973 780 1014 mihi
805 975 995 1029 cognitus
1020 973 1135 1015 urbis

48 1035 255 1077 Troianae
279 1050 514 1089 nomenque
541 1043 657 1076 tuum
682 1050 885 1091 regesque
910 1036 1093 1090 Pelasgi.

47 1098 136 1152 ipse
161 1097 288 1138 hostis
313 1098 498 1139 Teucros
523 1097 676 1152 insigni
699 1098 823 1139 laude
848 1098 1010 1139 ferebat

48 1174 175 1213 seque
199 1167 335 1200 ortum
360 1160 530 1214 antiqua
554 1160 814 1201 Teucrorum
838 1160 892 1201 ab
917 1160 1043 1216 stirpe
1068 1160 1248 1202 volebat.

48 1235 177 1275 quare
202 1221 324 1277 agite,
351 1237 374 1263 o
399 1222 531 1271 tectis,
556 1222 742 1272 iuvenes,
769 1222 977 1264 succedite
1000 1224 1164 1265 nostris.

47 1299 113 1325 me
137 1298 304 1338 quoque
328 1299 402 1339 per
425 1285 576 1326 multos
602 1284 745 1326 similis
770 1284 938 1326 fortuna
962 1286 1125 1327 labores

46 1346 241 1388 iactatam
265 1347 343 1388 hac
368 1347 536 1388 demum
562 1347 693 1388 voluit
717 1347 940 1389 consistere
965 1355 1086 1389 terra.

47 1423 130 1450 non
153 1409 300 1464 ignara
322 1409 421 1450 mali
444 1409 604 1451 miseris
630 1424 871 1451 succurrere
896 1410 1038 1451 disco.'

47 1471 106 1513 sic
129 1479 331 1513 memorat
340 1488 349 1520 3
375 1472 499 1513 simul
523 1473 700 1514 Aenean
724 1472 767 1513 in
792 1472 908 1527 regia
933 1472 1047 1513 ducit

47 1539 168 1583 tecta,
193 1534 316 1574 simul
342 1534 484 1574 divum
509 1535 673 1589 templis
698 1534 843 1576 indicit
866 1534 1078 1576 honorem.

45 1611 125 1637 nec
148 1596 283 1637 minus
307 1597 464 1638 interea
487 1597 608 1637 sociis
634 1597 687 1638 ad
710 1597 831 1638 litora
856 1597 980 1638 mittit

46 1658 193 1713 viginti
217 1666 369 1707 tauros,
395 1673 644 1714 magnorum
667 1659 876 1701 horrentia
901 1667 1068 1700 centum

3 1771 5 1774 Ι
47 1728 165 1775 terga
189 1736 324 1770 suum,
349 1721 515 1776 pinguis
541 1728 707 1763 centum
732 1736 827 1763 cum
851 1722 1052 1763 matribus
1078 1737 1224 1777 agnos,

46 1797 220 1824 munera
242 1783 524 1837 laetitiamque
549 1784 616 1825 dii.

47 1852 91 1887 at
114 1845 260 1886 domus
283 1846 453 1887 interior
477 1845 608 1900 regali
634 1846 853 1901 splendida
876 1847 979 1887 luxu

46 1908 262 1949 instruitur
285 1908 515 1961 mediisque
540 1916 688 1963 parant
712 1909 903 1950 convivia
927 1909 1066 1951 tectis:

47 1977 134 2012 arte
158 1970 369 2011 laboratae
393 1977 529 2012 vestes
555 1978 750 2024 ostroque
775 1972 969 2026 superbo,

46 2033 193 2088 ingens
218 2040 436 2088 argentum
461 2033 626 2082 mensis,
653 2033 894 2087 caelataque
918 2034 960 2074 in
985 2049 1085 2076 auro

47 2095 169 2137 fortia
192 2094 304 2136 facta
325 2102 502 2150 patrum,
529 2096 653 2137 series
677 2096 920 2151 longissima
943 2112 1082 2138 rerum

47 2173 122 2214 per
145 2164 206 2198 tot
229 2157 355 2199 ducta
378 2158 487 2199 viros
513 2158 683 2212 antiqua
708 2158 760 2198 ab
785 2159 944 2213 origine
968 2159 1116 2214 gentis.

104 2222 272 2262 Aeneas
297 2222 447 2274 (neque
472 2220 580 2262 enim
605 2220 761 2274 patrius
787 2221 1012 2263 consistere
1037 2228 1218 2264 mentem

47 2298 194 2338 passus
220 2284 351 2335 amor)
374 2283 567 2337 rapidum
592 2283 645 2323 ad
669 2283 786 2323 navis
812 2284 1037 2338 praemittit
1061 2284 1268 2335 Achaten,

48 2345 232 2387 Ascanio
258 2344 363 2385 ferat
386 2344 490 2386 haec
513 2345 734 2400 ipsumque
759 2345 812 2386 ad
836 2346 1000 2387 moenia
1025 2346 1167 2388 ducat:

49 2408 182 2449 omnis
206 2407 248 2447 in
273 2407 459 2448 Ascanio
484 2408 568 2449 cari
593 2414 673 2448 stat
697 2421 797 2449 cura
820 2408 1015 2462 parentis.

49 2485 222 2511 munera
246 2476 472 2523 praeterea,
496 2469 634 2510 Hiacis
661 2476 801 2524 erepta
825 2470 967 2520 ruinis,

50 2532 157 2573 ferre
181 2532 310 2580 iubet,
335 2531 488 2586 pallam
514 2531 642 2586 signis
668 2546 851 2585 auroque
875 2532 1079 2587 rigentem

18 2607 20 2610 ’
52 2601 93 2636 et
117 2594 434 2636 circumtextum
459 2609 603 2636 croceo
629 2594 817 2636 velamen
844 2594 1032 2646 acantho,

1319 112 1401 156 105

1426 486 1491 517 615

1425 797 1490 828 620

1423 1108 1486 1139 625

1422 1420 1486 1452 630

1421 1734 1484 1765 635

1420 2045 1484 2076 640

1420 2357 1483 2389 645
