1622 2847
178 136 258 178 120
593 144 636 178 P.
657 142 867 179 VERGILI
892 142 1115 179 MARONIS

85 257 150 288 420
175 248 234 289 illi
259 247 396 297 etiam,
423 247 562 300 siquos
588 247 765 288 obscura
788 253 911 289 nocte
935 262 1008 302 per
1031 247 1223 289 umbram

175 310 360 351 fudimus
385 310 544 350 insidiis
570 317 738 362 totaque
764 309 1013 364 agitavimus
1038 310 1154 359 urbe,

175 381 374 428 apparent
384 390 394 422 ;
420 373 541 427 primi
567 373 719 427 clipeos
742 373 999 426 mentitaque
1024 373 1107 414 tela

175 435 436 490 adgnoscunt
459 442 582 488 atque
607 449 680 476 ora
704 449 805 476 sono
832 434 1037 476 discordia
1062 435 1240 489 signant.

173 497 283 538 ilicet
308 497 523 537 obruimur
546 511 736 538 numero:
762 496 1004 551 primusque
1030 496 1246 538 Coroebus

85 570 149 600 425
174 559 347 600 Penelei
372 560 518 600 dextra
543 558 663 600 divae
690 559 974 613 armipotentis
1001 558 1053 599 ad
1078 574 1191 600 aram

174 621 428 676 procumbit3
454 620 566 661 cadit
591 629 630 663 et
655 621 856 675 Rhipeus,
883 621 1131 661 iustissimus
1156 635 1264 661 unus

175 684 245 737 qui
270 683 350 724 fuit
373 683 416 724 in
441 683 614 724 Teucris
641 691 681 724 et
704 682 1038 724 servantissimus
1064 683 1186 735 aequi

174 745 254 798 (dis
280 746 397 787 aliter
422 745 593 797 visum);
618 752 794 800 pereunt
818 745 1096 799 Hypanisque
1121 745 1367 799 Dymasque

175 807 328 849 confixi
353 823 377 848 a
401 807 542 856 sociis3
568 822 644 848 nec
669 814 708 848 te
734 814 805 848 tua
829 807 1019 861 plurima,
1044 807 1226 856 Panthu,

88 883 154 913 430
178 870 390 911 labentem
414 870 547 924 pietas
572 884 649 911 nec
674 869 882 924 Apollinis
907 869 1040 910 infula
1064 869 1177 910 texit.

85 1193 149 1223 435

87 1505 153 1535 440

89 1816 154 1846 445

92 2128 158 2159 450

93 2443 158 2475 455

174 933 291 974 Iliaci
316 933 475 973 cineres
501 939 541 973 et
565 933 733 972 flamma
757 938 942 973 extrema
966 946 1168 980 meorum,

175 1002 314 1043 testor,
340 995 382 1035 in
408 1009 559 1035 occasu
585 1001 720 1035 vestro
746 1008 823 1034 nec
847 994 929 1035 tela
952 1008 1029 1034 nec
1054 993 1159 1034 ullas

175 1057 372 1098 vitavisse
397 1056 523 1105 vices,
548 1055 748 1096 Danaum
775 1062 828 1105 et,
853 1055 887 1096 si
911 1055 998 1096 fata
1022 1055 1210 1102 fuissent,

175 1126 222 1161 ut
246 1119 437 1160 caderem
462 1118 662 1159 meruisse
687 1133 826 1159 manu.
875 1117 1110 1158 divellimur
1134 1117 1248 1157 inde:

176 1181 339 1236 Iphitus
365 1188 406 1222 et
429 1180 570 1222 Pelias
595 1194 759 1221 mecum
785 1182 978 1232 (quorum
1003 1179 1166 1234 Iphitus
1192 1192 1294 1219 aevo

175 1244 258 1284 iam
283 1243 463 1298 gravior,
489 1242 630 1283 Pelias
656 1249 698 1283 et
720 1242 892 1283 vulnere
916 1241 1058 1282 tardus
1082 1239 1216 1292 Ulixi)

176 1305 363 1361 protinus
389 1305 442 1346 ad
467 1305 583 1346 sedes
608 1304 766 1345 Priami
791 1304 969 1345 clamore
995 1303 1143 1344 vocati.

177 1368 243 1410 hic
268 1382 367 1409 vero
392 1368 604 1422 ingentem
629 1381 828 1422 pugnam,
854 1380 930 1408 ceu
957 1373 1093 1407 cetera
1116 1379 1321 1418 nusquam

176 1431 286 1472 bella
310 1430 458 1478 forent,
484 1429 589 1471 nulli
613 1436 700 1470 tota
724 1435 982 1471 morerentur
1005 1428 1049 1469 in
1072 1428 1189 1475 urbe,

178 1493 237 1534 sic
261 1493 444 1534 Martem
469 1491 716 1533 indomitum
741 1491 998 1545 Danaosque
1023 1490 1076 1532 ad
1100 1496 1209 1532 tecta
1232 1489 1388 1531 ruentis

178 1555 384 1596 cernimus
410 1554 710 1608 obsessumque
736 1561 828 1596 acta
851 1553 1059 1595 testudine
1084 1552 1222 1593 limen.

177 1617 349 1659 haerent
373 1617 599 1672 parietibus
625 1617 774 1664 scalae,
800 1616 1012 1671 postisque
1038 1615 1115 1658 sub
1140 1615 1252 1670 ipsos

177 1681 367 1721 nituntur
390 1679 590 1733 gradibus
616 1678 853 1733 clipeosque
878 1678 932 1718 ad
956 1678 1037 1719 tela
1061 1677 1234 1719 sinistris

178 1742 352 1797 protecti
377 1742 575 1790 obiciunt,
602 1748 800 1796 prensant
824 1740 992 1795 fastigia
1016 1739 1183 1781 dextris.

179 1804 450 1846 Dardanidae
476 1811 619 1845 contra
643 1804 765 1844 turris
791 1817 839 1844 ac
863 1810 971 1844 tecta
995 1802 1211 1843 domorum

180 1867 363 1909 culmina
386 1866 642 1915 convellunt3
669 1865 731 1906 his
757 1880 814 1913 se,
840 1865 1007 1919 quando
1031 1865 1177 1905 ultima
1201 1869 1387 1913 cernunt,

181 1936 367 1971 extrema
390 1929 473 1969 iam
498 1928 541 1969 in
566 1935 697 1969 morte
722 1935 871 1982 parant
895 1927 1117 1968 defendere
1142 1925 1251 1975 telis3

181 1999 430 2045 auratasque
456 1991 607 2039 trabes,
633 1997 820 2032 veterum
845 1990 995 2031 decora
1018 1989 1089 2030 illa
1113 1995 1346 2043 parentum,

182 2054 426 2096 devolvunt:
453 2053 522 2094 alii
547 2052 697 2094 strictis
722 2051 989 2094 mucronibus
1014 2051 1118 2092 imas

183 2117 382 2159 obsedere
408 2116 535 2165 fores3
561 2115 637 2156 has
663 2121 829 2156 servant.
853 2114 1019 2169 agmine
1043 2114 1186 2154 denso.

182 2178 397 2220 instaurati
422 2177 549 2219 animi
574 2177 684 2232 regis
709 2191 948 2218 succurrere
975 2176 1090 2217 tectis

184 2241 420 2294 auxilioque
444 2241 583 2281 levare
608 2240 717 2280 viros
745 2239 912 2292 vimque
937 2238 1089 2279 addere
1115 2236 1245 2278 victis.

240 2303 393 2344 Limen
419 2309 506 2343 erat
530 2316 762 2355 caecaeque
787 2301 897 2342 fores
922 2307 964 2342 et
985 2299 1151 2354 pervius
1176 2313 1278 2340 usus

184 2373 386 2408 tectorum
409 2364 516 2406 inter
540 2379 583 2406 se
608 2364 764 2405 Priami
790 2370 1012 2418 postesque
1036 2361 1164 2403 relicti

186 2444 211 2470 a
235 2435 366 2483 terge,
392 2427 535 2469 infelix
562 2440 644 2480 qua
669 2441 726 2474 se,
753 2426 851 2466 dum
875 2439 1006 2479 regna
1029 2423 1266 2472 manebant,

186 2490 350 2545 saepius
376 2488 672 2530 Andromache
697 2488 804 2529 ferre
829 2487 1069 2528 incomitata
1093 2486 1253 2527 solebat

185 2553 239 2594 ad
264 2566 426 2593 soceros
453 2559 492 2593 et
517 2566 593 2592 avo
619 2565 795 2605 puerum
821 2551 1081 2603 Astyanacta
1104 2547 1306 2588 trahebat.

186 2614 317 2656 evado
342 2614 396 2654 ad
421 2613 571 2653 summi
596 2612 763 2667 fastigia
788 2611 991 2660 culminis,
1016 2609 1127 2651 unde
