1654 2837
557 134 790 164 ADNO'I'ATIO
815 133 986 161 CRITICA.

55 206 68 248 ῙΙ
88 208 156 244 918
187 210 410 254 auriyamque
446 208 524 254 Ry:

562 209 758 253 auriyamve

1398 127 1493 162 XLV

843 205 1060 252 Catalepton
1085 217 1193 242 carm.
1217 208 1256 242 II
1285 209 1492 244 emendavit

50 253 156 297 MPc,
173 266 243 289 rec.
258 255 354 288 idem
372 257 383 298 Η
401 254 468 289 930
480 256 624 298 supplem
642 256 756 287 oculos
783 255 820 286 et
842 252 1103 297 interpretatus
1127 256 1182 287 est
1202 253 1406 288 Buecheler
1427 255 1449 288 l.
1467 254 1489 288 l.

49 298 166 345 PRy2,
183 311 254 334 rec.
267 299 374 334 idem.
393 301 404 343 Η

119 388 334 435 Catalepton
363 388 524 423 carmina
551 391 592 422 ut
624 387 661 421 in
687 389 754 422 hoc
781 389 850 421 iam
872 388 1027 421 Romane
1042 387 1246 423 Buecheler

780 309 816 342 p.
837 291 905 332 507
928 308 1019 342 sqq„
1043 297 1226 342 Hauptius
1254 304 1296 332 ut
1322 299 1360 332 in
1388 299 1491 333 libris

781 342 954 387 scriptum
974 346 1028 376 est
1047 343 1172 377 edidit.
1204 343 1416 433 IIIIngss5
1434 345 1493 423 ἓξὲξ

51 435 246 486 exemplari
277 434 390 468 multo
421 434 620 479 integriora
648 445 754 478 quam
781 434 849 466 iam
862 433 974 466 Roma
986 433 1017 466 B
1035 434 1093 466 tibi
1107 435 1176 467 iam
1193 435 1253 467 tibi
1266 435 1379 468 Roma
1392 435 1490 478 Itali,

49 491 87 513 m
115 479 360 524 superioribus
383 480 591 522 ederentur,
620 479 754 513 Fran-

50 525 158 559 cisci
193 524 460 559 Buecheleri
498 535 610 569 opera
648 524 754 558 effec-

48 573 124 603 tum
142 573 206 613 est,
230 569 292 615 qui
316 570 616 604 commentatione
640 569 754 603 musei

48 614 217 649 Rhenam'
252 615 425 648 volumini
456 615 663 649 XXXVIII
701 615 752 648 in-

49 663 146 694 serta
173 660 218 694 de
245 659 302 693 his
332 660 550 695 carminibus
577 660 751 704 interpre-

48 705 168 739 tandis
201 708 238 740 et
274 705 509 739 emendandis
549 705 753 739 admirabili

47 749 185 794 ingenii
213 750 377 785 acumine
401 754 437 784 et
459 750 623 784 doctrina
651 761 751 795 prae-

48 795 154 840 cepit.
185 795 223 829 in
246 794 368 830 Culice
394 794 468 829 Ciri
491 794 591 840 Copa
615 795 753 829 Moreto

49 840 198 874 edendis
230 840 436 875 Mauricii
474 840 662 885 Hauptii
699 852 752 874 re-

48 885 254 920 censionem
276 889 419 920 secutus
443 898 536 920 sum:
561 887 606 920 ab
627 896 670 920 ea
690 886 751 919 ubi

48 930 307 965 discedendum
335 942 412 966 esse
440 932 583 976 putavi,
616 931 654 964 id
683 942 752 975 quo

47 979 192 1010 auctore
201 976 338 1011 factum
348 977 394 1010 sit
406 976 444 1010 in
457 977 689 1010 adnotatione
700 977 751 1009 in-

47 1020 207 1055 dicatum
221 1025 284 1055 est.
310 1021 548 1055 Ribbeckii
563 1026 598 1055 et
611 1022 750 1056 Baeh-

45 1066 185 1100 rensii
224 1067 494 1101 emendationes
532 1067 750 1111 exemplaria

47 1121 170 1145 eorum
213 1112 545 1156 suppeditaverunt.
595 1112 639 1146 de
679 1112 750 1145 Ciri

47 1156 273 1191 emendanda
329 1157 550 1191 Robertus
603 1157 751 1202 Unger

45 1202 347 1237 commentatione
364 1202 626 1248 programmati
649 1214 750 1248 gym-

44 1246 138 1281 nasii
161 1247 331 1281 Halensis
354 1258 386 1282 a.
409 1248 497 1282 1885
519 1248 646 1282 addita
669 1249 750 1281 doc-

43 1292 182 1326 tissime
206 1293 379 1337 exposuit.
413 1293 459 1327 ad
480 1293 579 1326 idem
607 1304 751 1327 carmen

44 1341 81 1372 et
108 1338 155 1371 ad
178 1337 338 1372 Culicem
366 1339 618 1372 memorabiles
647 1350 749 1383 quas-

44 1383 127 1417 dam
137 1383 361 1417 coniecturas
375 1384 489 1418 amice
503 1395 643 1417 mecum
657 1395 749 1418 com-

43 1428 239 1462 municavit
266 1429 392 1474 Hugo
422 1428 748 1463 Stadtmueller.

99 1473 292 1507 Librorum
315 1475 525 1519 scripturas,
555 1485 648 1520 quae
673 1475 748 1518 qui-

44 1518 125 1552 dem
148 1519 388 1563 proferendae
415 1530 493 1554 esse
521 1519 749 1563 videbantur,

44 1574 64 1598 e
87 1563 301 1598 Baehrensii
330 1569 510 1610 apparatu
537 1565 749 1610 plerumque

44 1609 268 1654 deprompsi:
296 1610 354 1644 cui
380 1614 524 1654 praesto
547 1610 692 1645 fuerunt
714 1611 748 1644 in

45 1653 309 1699 Catalepton
327 1655 545 1690 carminibus
562 1666 748 1690 recensen-

44 1699 99 1733 dis
122 1699 204 1733 libri
227 1700 471 1734 Bruxeliensis
494 1712 586 1735 saec.
604 1701 677 1734 XII
693 1701 749 1741 (B)

44 1747 81 1778 et
112 1744 284 1779 Italorum
317 1746 360 1788 (I)
399 1757 491 1780 saec.
520 1746 594 1781 XV
626 1747 747 1780 Helm-

43 1789 235 1824 stadiensis
280 1791 359 1834 (H),
404 1791 632 1825 Monacensis
673 1792 748 1834 (M),

42 1835 312 1870 Arundelianus
350 1836 428 1879 (A),
472 1837 748 1882 Rehdigeranus

43 1880 119 1924 (R);
140 1880 179 1914 in
202 1880 351 1915 Culice
375 1881 574 1916 Vossianus
591 1883 633 1916 L.
649 1882 690 1917 O.
705 1883 747 1916 81

43 1936 136 1960 saec.
154 1926 226 1961 XV
250 1926 322 1969 (V),
350 1927 548 1961 Bembinus
576 1938 669 1962 saec.
693 1928 748 1961 IX

43 1970 113 2015 (B),
141 1970 453 2017 Cantabrigiensis
481 1984 574 2007 saec.
598 1973 746 2006 X—-XI

43 2014 109 2058 (G),
142 2016 444 2051 Helmstadiensis
477 2018 554 2061 (Η);
588 2018 623 2051 in
659 2015 748 2052 Ciri

42 2060 286 2104 Bruxeliensis
299 2063 356 2106 (B)
373 2074 395 2097 a
410 2074 515 2097 versu
528 2064 606 2107 454,
625 2063 746 2097 Helm-

43 2106 236 2141 stadiensis
267 2107 341 2151 (H),
374 2109 643 2142 Arundelianus
676 2110 748 2152 (A),

43 2151 162 2185 Rehdi
192 2163 320 2187 eranus
338 2154 407 2196 (R),
426 2154 625 2189 Vaticanus
643 2154 746 2188 Pom-

44 2196 144 2239 ponii
195 2198 265 2232 aeti
283 2209 375 2233 saec.
393 2199 464 2233 XV
481 2199 557 2243 ‹L);
576 2199 613 2232 in
631 2198 749 2244 Copa

43 2241 241 2277 Vossianus
253 2243 295 2279 L.
306 2244 347 2279 O.
362 2245 404 2278 81
418 2245 490 2285 (V),
504 2245 748 2289 fragmentum

44 2285 259 2322 Stabulense
282 2300 374 2324 saec.
393 2289 446 2323 XI
465 2290 529 2333 (S),
553 2290 749 2324 Bembinus

44 2332 119 2376 (B),
153 2333 340 2368 Parisinus
370 2335 457 2369 7927
492 2347 585 2369 saec,
613 2336 650 2368 X
680 2336 747 2377 (P),

43 2377 279 2412 Monacenses
316 2380 383 2415 305
420 2391 513 2415 saec.
547 2381 603 2414 XI
639 2381 749 2415 18059

43 2433 136 2457 saec.
160 2423 216 2456 XI
243 2424 354 2458 21562
383 2436 475 2460 saec.
499 2426 574 2459 XII
608 2436 651 2460 ex
679 2437 749 2459 uno

43 2467 144 2502 fonte
169 2468 320 2503 derivati
343 2470 423 2513 (Μ),
447 2471 749 2505 Helmstadiensis

43 2512 122 2556 (Η);
145 2512 182 2546 in
201 2513 367 2548 Moreto
384 2515 592 2555 BembinuS‚
619 2516 748 2551 Stabu-

43 2556 164 2601 lensis,
173 2558 419 2603 Monaeenses,
429 2560 616 2595 Parisinus
626 2562 748 2605 16236,

780 488 850 512 rec.
864 477 992 521 Haupt
1006 480 1018 522 ss
1038 478 1058 512 9
1074 485 1157 512 nutu
1177 483 1213 512 et
1229 480 1273 513 10
1289 480 1377 513 dedit
1394 479 1490 522 libri,

781 523 877 567 quod
909 523 1074 557 defendit
1104 524 1307 558 Buecheler
1342 536 1376 569 p.
1406 525 1489 559 512:

780 569 847 601 ritu
861 571 897 601 et
909 569 977 601 ruit
990 568 1116 613 Haupt
1132 570 1143 613 Η
1162 569 1217 603 IV
1231 569 1350 611 (XIII)
1366 570 1490 604 lotam

781 612 1032 647 Casaubonus:
1060 626 1140 647 nam
1170 614 1262 648 libri.
1308 616 1379 649 Clio
1409 627 1491 649 nam

778 665 879 702 perte
889 660 1034 692 candida
1046 671 1136 692 nunc
1148 660 1490 704 loquiturBaehrens

782 706 792 748 [Ι
816 704 859 737 12
890 716 971 737 nam
1002 704 1086 738 libri
1109 705 1119 748 Η
1145 716 1254 739 causa
1285 705 1489 740 Baehrens:

780 756 901 782 contra
923 748 1006 783 libri
1024 752 1035 791 Η
1054 751 1141 782 unde
1157 750 1253 784 libri.
1279 764 1349 784 non
1367 757 1490 785 contra

782 800 814 826 ut
831 796 872 827 sit
889 806 988 827 amor
1005 802 1138 828 venimus
1155 797 1230 829 inde
1248 798 1328 830 mz'lzi
1341 796 1451 842 vulgo
1469 798 1480 840 ΙΙ

780 839 814 874 V
832 839 930 881 (VII)
953 840 975 873 2
997 840 1116 884 ’νῆοῖὶςο
1134 840 1165 873 Β
1190 853 1268 874 roso
1286 841 1380 875 HM:
1409 854 1490 876 rore

778 884 898 929 vulgo.
946 886 1045 918 rhoso
1085 885 1249 920 defendit
1285 886 1490 921 Buecheler

779 942 813 974 p.
832 929 899 963 514
919 930 929 970 ΙΙ
946 930 966 963 3
989 932 1142 974 Stiloque
1164 931 1291 977 Haupt
1314 935 1324 976 Η
1349 933 1369 966 6
1387 934 1487 977 cura]

780 986 885 1008 eausa
894 975 1022 1020 Haupt
1038 976 1049 1019 Η
1070 977 1110 1010 11
1120 978 1162 1010 ite
1174 977 1242 1010 iam
1255 989 1338 1011 sane
1347 977 1487 1022 Haupt:

780 1021 846 1053 iam
869 1021 911 1053 ite
932 1033 1016 1054 sane
1038 1021 1079 1054 Β.
1110 1025 1193 1066 post
1216 1023 1336 1056 ‘sane’
1361 1022 1488 1056 distin-

779 1066 962 1110 guendum
1007 1076 1085 1100 esse
1125 1067 1247 1100 docuit
1284 1068 1489 1102 Buecheler

781 1122 811 1153 p.
827 1111 893 1144 513
909 1114 921 1155 Η
942 1111 984 1144 12
1000 1111 1162 1152 fatebitur
1178 1112 1220 1155 B,
1239 1114 1369 1147 mutari
1387 1116 1488 1147 vetat

1001 1168 1035 1201 p.
1054 1157 1122 1191 513
1144 1168 1193 1202 sq.
1214 1161 1224 1200 Η
1244 1158 1296 1192 VI
1313 1158 1396 1202 (ΙΙΙ)
1419 1159 1440 1192 3
1457 1165 1487 1193 et

779 1207 833 1233 tuo
862 1200 962 1235 libri:
991 1202 1051 1235 heu
1080 1208 1135 1235 tuo
1167 1203 1332 1249 Scaliger
1359 1206 1402 1237 ah
1430 1211 1486 1237 tuo

779 1246 1000 1291 Oudendorp
1024 1248 1055 1280 ei
1069 1253 1125 1280 tzco
1142 1247 1270 1293 Haupt
1291 1253 1301 1290 Η
1319 1249 1389 1283 VII
1404 1249 1486 1292 (IX)

777 1292 797 1324 ‘2
812 1298 914 1335 putus
939 1292 1120 1337 Scaliger:
1140 1295 1262 1337 polluas
1279 1294 1400 1338 BHM,
1425 1295 1486 1329 de-

778 1337 894 1370 tendit
916 1337 966 1370 ita
989 1341 1030 1370 ut
1050 1338 1193 1382 graecis
1217 1339 1346 1373 litteris
1364 1350 1486 1375 exare-

777 1386 834 1415 ἴω·
850 1382 890 1415 F.
903 1381 1008 1427 Spiro
1023 1387 1174 1417 sentent.
1191 1389 1348 1418 controv.
1364 1385 1401 1419 X
1415 1386 1485 1419 dis-

777 1427 964 1461 sertationi
980 1429 1025 1461 de
1037 1428 1355 1473 Eu1·ip.Phoeniss.
1364 1430 1483 1465 Berol.

778 1473 866 1506 1881
904 1473 1039 1512 addita,
1096 1482 1196 1518 potus
1237 1475 1322 1518 AR,
1366 1478 1486 1509 nothus

776 1517 962 1552 Baehrens
990 1520 1000 1562 Η
1021 1519 1076 1551 IX
1094 1520 1174 1558 (XI)
1199 1521 1218 1554 7
1236 1527 1362 1554 vestros
1383 1522 1484 1555 libri:

776 1570 909 1597 nostros
916 1563 1025 1608 vulgo
1043 1568 1053 1607 l!
1074 1566 1115 1598 15
1126 1567 1143 1599 I
1145 1567 1303 1609 'Izryyz'ccm
1312 1566 1485 1600 Heinsius

777 1612 812 1642 et
826 1608 1019 1643 Markland
1033 1611 1080 1644 ad
1096 1609 1185 1644 stat.
1201 1611 1276 1644 silv.
1292 1612 1348 1645 III
1361 1612 1394 1654 4,
1404 1613 1482 1647 103:

775 1655 872 1697 preld
891 1654 920 1687 B
945 1658 1051 1694 (man.
1071 1660 1156 1699 sec.)
1174 1657 1295 1700 pilium
1314 1657 1394 1700 AB,
1419 1660 1484 1702 Py-

777 1700 857 1732 lium
888 1699 1051 1745 lVagner
1080 1705 1117 1735 et
1150 1701 1279 1746 Haupt
1306 1703 1317 1746 Η
1347 1703 1390 1736 21
1420 1704 1488 1736 divi

776 1744 803 1777 Ι.
822 1744 949 1778 Dousa
973 1747 1076 1786 (dinei
1095 1746 1311 1787 Baehrens):
1336 1749 1436 1785 (Iz'zte‘l
1453 1749 1483 1782 B

776 1791 850 1823 diue
872 1790 929 1824 vel
952 1792 1051 1825 dinae
1075 1791 1246 1825 Italorum
1270 1792 1365 1836 libri,
1389 1794 1485 1827 divae

776 1835 902 1881 Haupt
918 1836 929 1880 Η
948 1837 992 1870 22
1009 1849 1141 1882 quoque
1156 1837 1187 1870 B
1206 1837 1264 1877 (cf.
1282 1837 1486 1873 Buecheler

776 1881 796 1914 l.
816 1881 837 1914 l.
856 1893 890 1926 p.
909 1882 1005 1923 515):
1030 1894 1180 1927 quaeque
1196 1883 1370 1917 italorum
1386 1883 1483 1926 libri,

776 1925 875 1970 prob.
902 1926 1028 1972 Haupt
1054 1928 1065 1972 Η
1096 1928 1140 1962 23
1163 1941 1181 1961 o
1206 1935 1235 1962 te
1259 1929 1307 1962 B:
1337 1935 1382 1962 tot
1405 1929 1484 1963 HM

776 1978 869 2005 tanto
878 1972 957 2015 AR,
967 1973 1206 2018 prob.Haupt
1224 1977 1234 2016 Η
1253 1975 1483 2008 291.·0lu01wn

775 2017 896 2062 vulgo:
911 2020 1052 2051 mullum
1066 2019 1150 2051 libri
1167 2024 1177 2063 fl
1187 2021 1370 2053 certamine
1383 2032 1482 2064 equo-

775 2075 851 2095 rum
873 2063 943 2096 AR
971 2065 1152 2097 certamine
1175 2076 1315 2108 quoram
1336 2065 1447 2098 BHM
1464 2069 1475 2109 Η

775 2108 819 2141 30
839 2109 970 2142 Graiae
985 2109 1109 2154 vulgo:
1131 2111 1272 2153 yrswc'sle
1295 2109 1379 2144 libri
1401 2111 1484 2151 (nisi

775 2153 872 2196 quod
901 2155 1070 2197 grauidae
1099 2154 1145 2195 R)
1175 2158 1185 2197 Η
1216 2167 1317 2199 quam
1354 2156 1482 2200 vulgo:

775 2200 856 2242 quid
871 2198 902 2232 B
926 2201 1016 2243 quod
1031 2199 1205 2233 Italorum
1222 2200 1314 2234 libri.
1341 2214 1410 2235 non
1428 2203 1482 2235 (le-

775 2245 874 2286 fensa
891 2245 946 2277 (lin
964 2246 1117 2285 (multum
1135 2252 1304 2279 certamen
1321 2259 1483 2291 equorum

776 2291 938 2334 optabant
957 2291 1119 2333 yrcwz'dae
1142 2292 1222 2335 quid
1248 2292 1313 2325 sibi
1334 2304 1484 2337 quaeque

775 2337 931 2377 ῃῑαηῑιεὶῖ)
944 2335 1148 2369 Buecheler
1159 2337 1268 2380 p.515
1281 2348 1332 2381 sq.
1351 2339 1362 2381 ΙΙ
1382 2338 1426 2371 32
1438 2339 1482 2371 si-

775 2382 863 2414 milis
890 2380 973 2413 libri
1005 2380 1077 2414 def.
1108 2381 1311 2416 Buecheler
1339 2394 1373 2426 p.
1398 2383 1482 2416 516:

777 2426 868 2459 Eleis
884 2426 993 2470 vulgo
1012 2429 1022 2468 Η
1039 2426 1084 2460 43
1102 2433 1130 2460 te
1147 2434 1264 2461 castra
1281 2428 1484 2461 Buecheler

776 2483 809 2515 p.
825 2471 903 2505 517:
918 2477 1033 2504 castra
1045 2471 1089 2513 B,
1102 2473 1219 2505 solitos
1231 2473 1351 2507 Italor.
1365 2473 1445 2507 libri
1466 2476 1476 2516 l}

774 2517 886 2549 44hoc
896 2523 1002 2560 (snam
1013 2517 1054 2560 B,
1064 2517 1390 2562 def.Buechelerp.
1400 2519 1481 2552 516:

775 2563 834 2595 hoc
852 2568 931 2595 nato
948 2562 1017 2595 AR
1039 2574 1080 2595 (tc
1097 2563 1185 2595 irato
1204 2563 1280 2596 HM
1303 2565 1363 2597 hoc
1380 2565 1481 2597 chlio

778 1155 980 1190 Buecheler

43 2602 335 2640 vindobonensis
344 2606 419 2652 134,
433 2606 748 2651 Helmstadiensis,
776 2606 986 2647 Wernicke,
1010 2618 1080 2641 rec.
1100 2608 1226 2653 Haupt
1243 2610 1253 2650 Η
1272 2609 1316 2642 46
1333 2616 1483 2642 sternere

43 2647 252 2685 Vossianus,

776 2651 868 2697 libri,
887 2652 959 2687 def.
975 2652 1178 2688 Buecheler
1193 2665 1228 2700 p.
1243 2654 1326 2689 517:
1343 2661 1483 2689 stertere
