1622 2847
558 131 811 168 AENEIDOS
835 132 932 167 LIB.
958 132 1007 167 Π.

104 237 359 278 attollentem
383 236 464 278 iras
490 243 531 278 et
555 237 720 278 caerula
748 237 854 278 colla
879 242 1121 284 tumentem,

103 299 217 340 haud
241 314 359 340 secus
383 299 634 354 Androgeos
660 299 752 340 visu
777 299 1044 340 tremefactus
1071 298 1256 355 abibatL

103 361 318 410 inruimus,
345 361 483 402 densis
509 368 550 402 et
573 361 945 402 circumfundimur
969 361 1109 409 armis,

103 422 352 477 ignarosque
377 423 456 464 loci
481 424 636 477 passim
661 430 702 464 et
725 423 945 464 formidine
972 429 1116 477 captos

103 485 336 526 sternimus.
384 485 568 539 adspirat
592 486 724 540 primo
749 485 938 525 Fortuna
962 485 1107 525 labori.

103 554 227 599 atque
251 547 318 588 hic
343 561 538 588 successu
563 548 754 589 exultans
780 546 1010 600 animisque
1037 546 1255 589 Coroebus

103 612 146 648 ‘o
172 609 285 658 socii,
311 623 394 662 qua
417 609 568 664 prima’
594 609 728 663 inquit
755 609 941 650 ‘fortuna
966 609 1108 649 salutis

102 677 305 712 monstrat
327 671 404 712 iter
427 685 595 724 quaque
619 671 799 712 ostendit
823 686 867 712 se
893 671 1050 720 dextra,
1078 685 1318 724 sequamur:

102 740 310 774 mutemus
336 733 489 788 clipeos
515 733 796 787 Danaumque
819 733 999 788 insignia
1022 733 1143 773 nobis

102 801 304 849 aptemus.
352 795 470 836 dolus
496 811 549 836 an
574 795 717 844 virtus,
743 795 835 848 quis
861 796 903 835 in
928 795 1045 836 hoste
1070 794 1277 848 requirat?

103 871 217 897 arma
242 857 401 897 dabunt
424 857 528 911 ipsi.'
578 858 636 898 sic
660 858 771 898 fatus
797 857 947 898 deinde
973 864 1208 898 comantem

101 918 320 973 Androgei
344 920 509 974 galeam
534 919 738 974 clipeique
763 919 925 973 insigne
952 919 1150 960 decorum

100 980 286 1021 induitur
310 981 512 1035 laterique
536 982 747 1036 Argivum
772 982 1060 1023 accommodat
1085 996 1239 1023 ensem.

101 1042 180 1083 hoc
204 1043 405 1097 Rhipeus,
431 1044 510 1084 hoc
533 1044 621 1098 ipse
647 1044 810 1098 Dymas
835 1044 1051 1097 omnisque
1076 1044 1271 1084 iuventus

100 1104 210 1145 laeta
234 1105 350 1154 facit3
377 1106 519 1160 spoliis
544 1121 588 1147 se
614 1106 790 1160 quisque
814 1106 1050 1147 recentibus
1077 1113 1222 1147 armat.

101 1167 292 1207 vadimus
316 1167 479 1208 inmixti
504 1168 665 1209 Danais
690 1168 803 1209 haud
826 1169 996 1209 numine
1021 1176 1174 1217 nostro,

100 1228 313 1281 multaque
337 1244 411 1283 per
436 1244 603 1270 caecam
628 1230 842 1285 congressi
865 1230 1023 1284 proelia
1047 1238 1212 1271 noctem

101 1292 368 1340 conserimus,
393 1293 544 1333 multos
569 1291 768 1333 Danaum
794 1292 1046 1334 demittimus
1073 1291 1200 1333 Orco.

101 1353 328 1407 diffugiunt
350 1354 419 1394 alii
444 1355 496 1395 ad
520 1355 638 1395 navis
664 1362 703 1395 et
727 1355 848 1395 litora
873 1369 996 1395 cursu

100 1414 184 1455 fida
208 1422 365 1469 petunt,
392 1431 487 1470 pars
512 1416 723 1471 ingentem
749 1416 969 1458 formidine
995 1417 1106 1472 turpi

100 1478 302 1518 scandunt
327 1493 470 1519 rursus
495 1493 649 1532 equum
675 1486 716 1520 et.
740 1486 838 1520 nota
863 1479 1099 1520 conduntur
1122 1479 1164 1520 in
1190 1480 1295 1519 alvo.

157 1541 254 1581 Heu
280 1540 382 1581 nihil
406 1541 544 1581 invitis
570 1541 633 1581 fas
658 1555 911 1594 quemquam
937 1541 1064 1583 fidere
1090 1542 1214 1582 divis!

100 1616 195 1643 ecce
221 1603 462 1644 trahebatur
486 1604 618 1657 passis
642 1603 853 1644 Priameia
879 1603 995 1658 virgo

100 1664 281 1706 crinibus
308 1681 332 1705 a
356 1666 511 1719 templo
538 1664 777 1707 Cassandra
802 1666 1021 1720 adytisque
1044 1666 1277 1715 Minervae,

100 1727 154 1767 ad
177 1727 337 1768 caelum
362 1728 534 1769 tendens
560 1728 746 1769 ardentia
769 1729 928 1769 lumina
952 1729 1118 1777 frustra,

98 1789 268 1839 lumina,
293 1805 390 1830 nam
415 1797 576 1831 teneras
601 1791 798 1832 arcebant
821 1791 988 1832 vincula
1013 1791 1185 1844 palmas.

98 1866 181 1892 non
206 1851 300 1893 tulit
322 1852 430 1893 hanc
454 1853 636 1907 speciem
660 1853 810 1893 furiata
835 1860 973 1894 mente
1000 1853 1230 1903 Coroebus,

99 1921 140 1955 et
164 1929 253 1955 sese
276 1915 457 1956 medium
484 1916 623 1956 iniecit
647 1916 854 1969 periturus
880 1916 922 1956 in
949 1931 1112 1970 agmen.

100 1977 390 2030 consequimur
415 1978 552 2018 cuncti
576 1985 615 2018 et
641 1978 778 2018 densis
804 1977 1051 2018 incurrimus
1077 1978 1214 2018 armis.

98 2038 165 2079 hic
189 2039 368 2093 primum
394 2054 444 2080 ex
470 2040 551 2080 alto
578 2040 738 2080 delubri
763 2040 941 2081 culmine
966 2040 1056 2080 telis

98 2108 331 2141 nostrorum
356 2101 569 2141 obruimur
594 2101 805 2154 oriturque
830 2101 1059 2142 miserrima
1084 2101 1231 2142 caedes

100 2177 308 2203 armorum
331 2163 436 2204 facie
463 2171 503 2204 et
529 2162 752 2205 Graiarum
779 2178 915 2204 errore
940 2163 1145 2204 iubarum.

99 2231 187 2265 tum
211 2224 351 2265 Danai
376 2225 534 2280 gemitu
559 2233 683 2278 atque
708 2233 874 2280 ereptae
900 2225 1072 2279 virginis
1096 2226 1156 2266 ira

98 2287 282 2340 undique
307 2288 466 2328 collecti
490 2288 704 2336 invadunt,
731 2288 954 2329 acerrimus
980 2288 1092 2328 Aiax

99 2356 140 2390 et
163 2349 317 2404 gemini
343 2350 515 2391 Atridae
540 2350 837 2404 Dolopumque
863 2351 1068 2391 exercitus
1093 2350 1241 2399 omnis,

99 2411 260 2452 adversi
287 2419 408 2466 rupto
433 2427 510 2454 ceu
535 2412 747 2466 quondam
772 2412 935 2453 turbine
960 2412 1072 2453 venti

99 2473 340 2528 confligunt,
367 2474 668 2529 Zephyrusque
693 2474 912 2528 Notusque
937 2482 978 2516 et
1002 2475 1134 2515 laetus
1160 2474 1245 2516 eois

99 2535 238 2576 Eurus
264 2535 399 2588 equis3
425 2537 603 2577 stridunt
627 2537 756 2578 silvae
781 2537 993 2590 saevitque
1018 2537 1184 2578 tridenti

100 2612 296 2652 spumeus
321 2604 445 2651 atque
470 2599 551 2640 imo
575 2599 738 2641 Nereus
763 2599 843 2641 ciet
867 2613 1048 2653 aequora
1073 2599 1216 2642 fundo.

1373 123 1453 163 119

1478 494 1541 524 385

1475 804 1539 835 390

1476 1116 1539 1146 395

1474 1428 1539 1458 400

1472 1738 1536 1769 405

1471 2050 1536 2080 410

1469 2364 1533 2394 415
