1628 2847
116 455 180 487 835

113 769 178 800 840

110 1082 174 1113 845

110 1395 175 1426 850

109 1707 173 1739 855

109 2020 174 2051 860

108 2331 172 2364 865

209 143 291 187 320
622 154 664 190 P.
686 154 896 192 VERGILI
921 155 1146 193 MARONIS

208 265 297 299 tum
322 273 420 300 vero
444 259 657 300 inmensus
681 274 857 315 surgens
882 259 978 302 ferit
1001 275 1129 302 aurea
1154 262 1309 304 clamor

207 320 360 370 sidera3
386 321 547 363 deiecta
571 321 778 363 crudescit
802 337 946 377 pugna
972 321 1164 373 Camilla,

206 382 423 425 incurrunt
447 383 564 425 densi
590 383 713 425 simul
738 384 871 425 omnis
898 385 1018 440 copia
1042 385 1253 427 Teucrum

206 445 497 501 Tyrrhenique
523 445 651 487 duces
676 446 950 499 Euandrique
975 448 1165 489 Arcades
1191 449 1293 490 alae.

261 509 323 549 At
346 508 513 549 Triviae
539 515 678 550 custos
702 508 948 550 iamdudum
973 509 1015 550 in
1039 510 1249 551 montibus
1276 509 1384 565 Opis

204 571 288 612 alta
313 570 429 612 sedet
453 571 625 611 summis
652 578 895 626 spectatque
921 571 1107 613 interrita
1132 588 1315 627 pugnas3

203 640 334 687 utque
359 633 504 688 procul
528 632 665 674 medio
690 633 890 675 iuvenum
916 633 959 674 in
984 634 1165 675 clamore
1189 635 1402 676 furentum

202 696 415 750 prospexit
440 695 544 736 tristi
574 695 793 737 multatam
818 702 950 737 morte
976 694 1213 746 Camillam,

202 758 488 812 ingemuitque
514 757 713 812 deditque
738 758 814 800 has
838 758 921 799 imo
946 765 1113 813 pectore
1138 773 1281 801 voces:

204 820 304 861 ‘heu
330 820 520 869 nimium,
545 820 680 875 virgo,
705 820 880 861 nimium
906 820 1072 862 crudele
1103 821 1217 862 luisti

202 882 466 938 supplicium,
492 882 679 924 Teucros
705 889 855 924 conata
879 883 1084 924 lacessere
1110 882 1237 925 bello!

200 960 277 986 nec
302 945 378 985 tibi
403 945 591 986 desertae
616 945 659 985 in
685 945 822 986 dumis
848 945 1024 986 coluisse
1049 945 1233 986 Dianam

200 1007 358 1062 profuit
381 1014 454 1048 aut
477 1013 639 1048 nostras
665 1022 810 1049 umero
835 1007 1014 1062 gessisse
1040 1008 1228 1062 sagittas.

200 1084 284 1111 non
308 1076 448 1111 tamen
472 1069 712 1111 indecorem
737 1076 809 1111 tua
833 1076 873 1111 te
899 1069 1046 1124 regina
1068 1070 1237 1123 reliquit

201 1139 387 1174 extrema
411 1132 494 1173 iam
518 1131 561 1173 in
587 1139 733 1181 morte,
758 1146 894 1186 neque
919 1132 998 1173 hoc
1029 1132 1115 1174 sine
1141 1132 1308 1174 nomine
1332 1132 1461 1174 letum

200 1210 275 1250 per
298 1193 434 1250 gentis
461 1194 538 1235 erit
562 1201 632 1235 aut
658 1194 814 1235 famam
839 1194 1007 1249 patieris
1032 1194 1201 1235 inultae.

199 1273 296 1299 nam
320 1257 574 1311 quicumque
599 1264 719 1298 tuum
742 1256 915 1298 violavit
939 1257 1110 1299 vulnere
1135 1271 1300 1312 corpus,

198 1327 331 1362 morte
356 1321 442 1362 luet
466 1319 638 1361 merita.²
687 1319 769 1360 fuit
790 1320 938 1375 ingens
964 1327 1104 1361 monte
1130 1320 1208 1360 sub
1233 1320 1316 1361 alto

199 1384 310 1438 regis
335 1382 550 1424 Dercenni
576 1389 739 1424 terreno
765 1397 817 1424 ex
842 1397 996 1437 aggere
1023 1383 1192 1424 bustum

199 1446 358 1499 antiqui
383 1445 609 1486 Laurentis
635 1459 848 1500 opacaque
874 1446 966 1486 ilice
992 1452 1165 1494 tectum3

198 1509 266 1550 hic
291 1508 369 1549 dea
395 1523 437 1549 se
463 1507 644 1562 primum
668 1507 814 1562 rapido
841 1507 1121 1562 pulcherrima
1144 1507 1237 1548 nisu

199 1571 307 1612 sistit
331 1577 371 1611 et
396 1571 627 1611 Arruntem
652 1570 813 1611 tumulo
839 1570 1078 1625 speculatur
1102 1569 1154 1611 ab
1179 1569 1274 1610 alto.

198 1640 245 1675 ut
268 1633 371 1674 vidit
395 1633 626 1687 fulgentem
651 1632 775 1674 armis
802 1646 850 1674 ac
875 1646 983 1674 vana
1008 1639 1252 1680 tumentem,

199 1695 310 1738 ‘cur’
337 1695 470 1748 inquit
496 1694 706 1736 ‘diversus
732 1695 845 1736 abis?
869 1694 951 1736 huc
976 1694 1108 1749 dirige
1133 1709 1337 1749 gressum,

198 1758 281 1799 huc
305 1757 486 1812 periture
512 1758 620 1806 veni,
646 1757 786 1812 capias
811 1764 857 1798 ut
882 1757 1011 1812 digna
1036 1756 1240 1798 Camillae

197 1820 396 1876 praemia.
444 1826 544 1861 tune
570 1820 694 1861 etiam
721 1819 812 1861 telis
839 1819 1014 1860 moriere
1039 1818 1244 1860 Dianae?'

200 1883 304 1924 dixit
329 1889 369 1923 et
393 1889 538 1923 aurata
562 1882 774 1923 volucrem
799 1881 998 1923 Threissa
1022 1881 1218 1937 sagittam

199 1944 456 2001 deprompsit
479 1944 674 1999 pharetra
699 1959 912 1998 cornuque
937 1944 1101 1985 infensa
1124 1943 1299 1986 tetendit

200 2015 238 2050 et
264 2007 383 2048 duxit
406 2006 544 2062 longe,
571 2007 704 2048 donec
729 2014 901 2048 curvata
926 2007 1084 2048 coirent

198 2071 307 2111 inter
331 2084 374 2111 se
400 2070 536 2124 capita
563 2075 603 2110 et
626 2069 819 2110 manibus
843 2069 925 2110 iam
952 2075 1141 2124 tangeret
1164 2067 1325 2122 aequis,

198 2133 318 2174 laeva
342 2131 475 2173 aciem
499 2131 610 2180 ferri,
637 2131 783 2173 dextra
807 2146 1017 2186 nervoque
1043 2130 1254 2186 papillam.

199 2194 408 2250 extemplo
434 2194 504 2235 teli
530 2194 749 2236 stridorem
775 2208 981 2248 aurasque
1006 2193 1190 2235 sonantis

197 2257 329 2299 audiit
351 2272 435 2298 una
459 2257 624 2298 Arruns
649 2256 865 2310 haesitque
889 2256 931 2298 in
956 2271 1127 2311 corpore
1153 2255 1320 2297 ferrum.

197 2320 314 2361 illum
340 2319 598 2374 expirantem
624 2319 724 2360 socii
749 2325 873 2373 atque
899 2326 1084 2361 extrema
1107 2326 1343 2373 gementem

197 2382 313 2423 obliti
338 2381 480 2436 ignoto
506 2395 749 2436 camporum
773 2381 816 2422 in
840 2381 1011 2436 pulvere
1036 2381 1247 2434 linquunt,

199 2443 306 2499 Opis
333 2444 384 2484 ad
411 2443 640 2485 aetherium
665 2443 801 2498 pinnis
827 2444 1013 2485 aufertur
1039 2442 1283 2497 Olympum.

253 2506 396 2547 Prima
421 2506 530 2561 fugit
555 2506 722 2548 domina
747 2506 899 2547 amissa
922 2506 1024 2548 levis
1050 2505 1115 2546 ala
1141 2504 1357 2555 Camillae,

199 2569 353 2610 turbati
378 2568 548 2623 fugiunt
572 2568 731 2617 Rutuli,
759 2569 869 2623 fugit
893 2583 988 2610 acer
1012 2568 1178 2618 Atinas,

108 2643 174 2674 870
199 2631 441 2685 disiectique
467 2631 594 2673 duces
620 2631 879 2685 desolatique
904 2630 1076 2686 manipli
