1660 2847
84 420 149 451 490

82 730 147 761 495

82 1042 147 1072 500

82 1353 146 1383 505

83 1665 148 1695 510

84 1976 147 2006 515

81 2596 145 2628 525

181 109 262 151 180
589 118 632 153 Ρ.
653 117 862 155 VERGILI
888 119 1112 156 MARONIS

174 222 417 278 ingentique
443 237 569 263 manu
595 223 750 263 malum
776 222 827 263 de
851 238 958 264 nave
985 223 1142 265 Seresti

176 286 297 340 erigit
321 293 359 327 et
385 285 595 326 volucrem
620 285 791 326 traiecto
817 284 858 325 in
883 285 982 327 fune
1007 286 1256 337 columbam,

174 362 257 401 quo
283 347 455 389 tendant
478 346 648 395 ferrum,
674 347 783 387 malo
809 347 1024 401 suspendit
1051 349 1102 389 ab
1129 350 1224 390 alto.

175 424 405 451 convenere
430 408 506 449 viri
532 409 818 462 deiectamque
844 423 965 450 aerea
990 418 1141 452 sortem

174 471 333 526 aceepit
357 471 479 525 galea
504 477 544 511 et
568 471 725 525 primus
751 471 931 512 clamore
955 473 1138 513 secundo

175 533 432 588 Hyrtacidae
458 540 553 573 ante
579 532 712 573 omnis
738 532 822 574 exit
846 532 962 574 loeus
987 533 1305 589 Hippocoontis.

175 609 298 649 quem
325 595 448 635 modo
474 594 611 635 navali
636 594 884 635 Mnestheus
910 597 1133 637 certamine
1160 597 1290 637 victor

174 656 455 710 consequitur,
483 656 604 696 viridi
629 656 877 698 Mnestheus
902 657 1089 698 evinctus
1115 658 1237 699 oliva.

173 719 318 760 tertius
345 717 563 772 Eurytion,
591 726 699 767 tuus,
725 733 749 759 0
775 718 1014 768 clarissime,
1039 720 1177 769 frater,

172 781 379 829 Pandare,
404 781 475 834 qui
501 781 726 834 quondam,
752 781 890 822 iussus
916 781 1170 824 confundere
1195 782 1355 832 foedus,

171 844 213 884 in
239 843 397 884 medios
423 843 553 884 telum
578 843 730 883 torsisti
755 843 913 897 primus
938 844 1136 885 Achivos.

173 913 381 946 extremus
407 905 611 959 galeaque
636 905 720 945 ima
746 905 930 947 subsedit
956 906 1146 955 Acestes,

173 983 300 1008 ausus
326 976 365 1008 et
390 967 478 1021 ipse
504 982 631 1007 manu
655 967 853 1008 iuvenum
879 975 1081 1022 temptare
1105 968 1304 1010 laborem.

172 1037 261 1071 tum
286 1029 432 1070 validis
458 1030 586 1070 flexos
611 1029 830 1070 incurvant
855 1029 1011 1070 viribus
1037 1045 1156 1071 arcus

171 1107 246 1147 pro
272 1107 315 1132 se
341 1091 517 1145 quisque
543 1091 618 1132 viri
644 1099 684 1132 et
709 1091 957 1146 depromunt
983 1093 1063 1133 tela
1088 1092 1303 1147 pharetris.

172 1155 389 1209 primaque
414 1169 488 1208 per
513 1154 674 1194 caelum
699 1168 827 1195 nervo
853 1154 1050 1195 stridente
1077 1155 1228 1209 sagitta

172 1216 429 1271 Hyrtacidae
453 1216 614 1256 iuvenis
641 1216 819 1257 volucris
845 1216 1079 1258 diverberat
1103 1232 1224 1257 auras

173 1286 213 1319 et
238 1278 352 1319 venit
376 1278 623 1331 adversique
648 1278 834 1333 infigitur
857 1278 1004 1320 arbore
1029 1279 1137 1319 mali.

172 1341 383 1382 intremuit
409 1340 543 1381 malus
569 1340 788 1394 timuitque
813 1341 1008 1382 exterrita
1032 1341 1168 1395 pinnis

173 1404 257 1445 ales
283 1411 323 1444 et
347 1402 505 1457 ingenti
532 1410 759 1444 sonuerunt
785 1404 924 1444 onmia
947 1404 1108 1458 plausu.

172 1472 265 1521 post
289 1480 384 1506 acer
408 1465 657 1507 Mnestheus
683 1465 862 1507 adducto
889 1466 1068 1507 constitit
1094 1480 1206 1514 areu,

173 1529 256 1569 alta
280 1535 438 1582 petens,
464 1526 701 1581 pariterque
727 1528 868 1568 oculos
894 1529 1105 1582 telumque
1131 1527 1317 1569 tetendit.

173 1597 235 1631 ast
260 1590 393 1645 ipsam
417 1590 678 1631 miserandus
703 1606 823 1631 avem
849 1591 1089 1645 contingere
1114 1592 1223 1631 ferro

172 1668 255 1694 non
280 1652 424 1701 valuit,
448 1653 579 1692 nodos
605 1660 644 1693 et
670 1653 835 1694 vincula
858 1653 967 1694 linea
991 1653 1114 1707 rupit,

174 1715 267 1769 quis
292 1715 444 1755 innexa
469 1714 618 1769 pedem
644 1716 752 1755 malo
778 1715 987 1769 pendebat
1012 1716 1065 1756 ab
1090 1715 1192 1763 alt03

172 1777 243 1819 illa
266 1784 385 1817 notos
411 1785 536 1830 atque
562 1775 651 1817 atra
675 1778 817 1818 volans
843 1777 886 1817 in
909 1778 1053 1818 nubila
1078 1777 1198 1831 fugit.

173 1848 261 1880 tum
285 1839 469 1894 rapidus,
494 1839 737 1880 iamdudum
763 1854 861 1880 areu
887 1847 1081 1881 contenta
1105 1846 1249 1894 parato

173 1902 255 1943 tela
279 1909 437 1950 10110118,
463 1901 633 1943 fratrem
657 1901 863 1956 Eurytion
888 1902 929 1942 in
954 1911 1050 1943 vota
1075 1901 1250 1950 vocavit,

173 1964 256 2005 iam
281 1978 413 2005 vacuo
437 1964 588 2004 laetam
615 1964 728 2005 caelo
754 1965 1003 2018 speculatus,
1030 1972 1069 2005 et
1094 1964 1168 2004 alis

174 2026 440 2081 plaudentem
465 2026 584 2081 nigra
608 2026 696 2081 figit
721 2026 800 2067 sub
824 2027 935 2068 nube
961 2026 1210 2068 columbam.

174 2089 326 2130 decidit
351 2088 551 2130 exanimis
577 2089 787 2142 vitamque
812 2089 976 2142 reliquit
1000 2089 1041 2129 in
1067 2088 1185 2129 astris

173 2151 364 2192 aetheriis
389 2151 600 2204 fixamque
625 2151 751 2192 refert
775 2151 945 2206 delapsa
969 2151 1176 2206 sagittam.

172 2212 323 2253 amissa
348 2212 460 2253 solus
486 2213 624 2267 palma
649 2213 872 2268 superabat
895 2213 1092 2261 Acestes;

173 2274 244 2329 qui
269 2282 407 2316 tamen
433 2275 565 2316 aerias
591 2275 718 2316 telum
743 2275 940 2316 contorsit
963 2275 1005 2316 in
1031 2289 1165 2323 auras,

172 2344 382 2377 ostentans
408 2344 622 2390 artemque
647 2344 765 2391 pater
790 2352 1015 2391 arcumque
1040 2343 1268 2378 sonantem.

171 2399 238 2440 hic
263 2399 392 2440 oculis
419 2399 601 2440 subitum
628 2400 805 2441 obicitur
829 2414 1065 2455 magnoque
1090 2399 1277 2439 futurum

172 2461 347 2515 augurio
373 2469 620 2510 monstrum;
646 2462 785 2503 docuit
812 2469 905 2517 post
931 2462 1066 2503 exitus
1090 2461 1237 2516 ingens

173 2538 347 2576 seraque
374 2524 538 2565 terrifici
564 2524 801 2565 cecinerunt
827 2525 966 2565 omina
989 2532 1118 2565 vates,

171 2600 351 2640 namque
376 2586 519 2627 volans
544 2586 711 2640 liquidis
736 2587 778 2630 in
803 2587 984 2631 nubibus
1009 2586 1106 2628 arsit
1133 2585 1321 2627 harundo
