1622 2847
499 153 752 192 AENEIDOS
776 154 870 191 LIB.
891 153 963 190 111.

60 261 252 304 dextrum
278 261 419 316 Scylla
442 260 564 308 latus,
589 260 755 301 laevum
779 259 986 314 inplacata
1012 258 1249 314 Charybdis

60 325 223 366 obsidet
247 331 370 377 atque
392 323 475 363 imo
501 321 685 363 barathri
708 328 771 363 ter
793 321 960 376 gurgite
985 329 1125 362 vastos

60 388 199 429 sorbet
222 387 263 427 in
289 386 510 440 abruptum
534 385 684 425 fluctus
709 398 938 437 rursusque
963 384 1041 424 sub
1067 399 1188 425 auras

60 450 182 504 erigit
205 449 383 490 alternos
409 454 451 488 et
475 447 611 488 sidera
634 446 828 488 verberat
850 446 977 487 unda.

60 518 102 552 at
127 510 311 565 Scyllam
336 510 468 551 caecis
494 509 661 550 cohibet
684 508 884 563 spelunca
907 509 1075 550 latebris

59 587 132 614 ora
156 579 410 614 exertantem
437 578 478 613 et
501 571 618 612 navis
643 571 686 611 in
711 586 812 612 saxa
836 570 1080 612 trahentem.

58 635 191 690 prima
214 634 391 675 hominis
415 634 544 675 facies
570 640 609 674 et
633 633 807 688 pulchro
832 640 999 688 pectore
1023 634 1141 688 virgo

57 697 169 751 pube
193 704 326 746 tenus,
352 704 561 751 postrema
584 695 755 736 immani
780 710 951 750 corpore
975 696 1134 750 pistrix,

59 758 301 813 delphinum
326 758 479 799 caudas
504 764 621 798 utero
646 757 866 798 commissa
889 758 1095 812 luporum.

58 828 241 876 praestat
264 820 469 861 Trinacrii
492 826 624 861 metas
647 820 823 860 lustrare
847 819 1039 874 Pachyni

58 890 289 925 cessantem
312 883 459 937 longos
484 890 526 923 et
549 882 871 923 circumflectere
897 897 1057 930 cursus,

57 959 184 998 quam
209 945 335 986 semel
359 945 579 986 informem
604 951 721 985 vasto
747 944 900 985 vidisse
925 945 1003 985 sub
1029 951 1146 985 antro

59 1006 245 1061 Scyllam
269 1015 311 1048 et
334 1007 532 1049 caeruleis
558 1007 730 1048 canibus
754 1007 991 1048 resonantia
1016 1022 1129 1048 saxa.

56 1076 283 1124 praeterea,
310 1070 428 1123 siqua
453 1077 515 1110 est
540 1070 704 1111 Heleno
730 1069 963 1124 prudentia,
989 1069 1074 1110 vati

57 1131 176 1185 siqua
199 1132 316 1181 fides,
343 1133 528 1172 animum
553 1131 587 1172 si
611 1132 718 1173 veris
744 1131 889 1186 implet
911 1132 1082 1186 Apollo,

56 1208 187 1234 unum
210 1194 314 1235 illud
339 1194 425 1243 tibi,
450 1201 546 1235 nate
572 1194 662 1243 dea,
688 1208 847 1249 proque
873 1195 1065 1235 omnibus
1090 1210 1222 1235 unum

55 1256 293 1311 praedicam
319 1264 360 1298 et
383 1264 575 1311 repetens
599 1257 834 1310 iterumque
858 1257 1091 1310 iterumque
1115 1257 1312 1298 monebo:

55 1318 230 1359 Iunonis
255 1334 433 1374 magnae
458 1319 638 1374 primum
663 1334 786 1373 prece
810 1334 966 1360 numen
992 1320 1132 1365 adora,

55 1381 207 1422 Iunoni
232 1396 334 1422 cane
359 1389 456 1422 vota
479 1382 612 1422 libens
638 1381 931 1435 dominamque
956 1389 1167 1437 potentem

56 1443 313 1498 supplicibus
339 1458 489 1498 supera
514 1444 651 1484 donis:
678 1444 736 1485 sic
762 1443 940 1497 denique
965 1444 1097 1486 victor

55 1505 272 1547 Trinacria
295 1506 388 1547 finis
414 1506 541 1547 Italos
567 1506 729 1547 mittere
754 1506 909 1547 relicta.

54 1567 138 1609 huc
161 1568 235 1608 ubi
260 1568 421 1609 delatus
447 1567 678 1623 Cymaeam
704 1569 925 1609 accesseris
951 1569 1099 1610 urbem

55 1630 299 1683 divinosque
323 1631 438 1671 lacus
464 1638 505 1672 et
527 1631 700 1672 Averna
724 1631 914 1672 sonantia
938 1631 1065 1680 silvis,

55 1692 243 1733 insanam
269 1700 405 1734 vatem
432 1693 620 1748 aspicieS‚
645 1687 753 1746 'quae
777 1708 881 1748 rupe
906 1694 983 1734 sub
1009 1694 1094 1735 ima

55 1754 142 1796 fata
165 1754 276 1796 canit
298 1755 489 1809 foliisque
513 1763 632 1796 notas
658 1763 699 1797 et
722 1756 891 1796 nomina
914 1757 1096 1797 mandat.

56 1831 342 1871 quaecumque
366 1818 408 1858 in
433 1817 542 1858 foliis
567 1818 786 1873 descripsit
810 1819 995 1859 carmina
1018 1819 1151 1873 virgo,

56 1879 207 1934 digerit
230 1879 271 1920 in
296 1895 516 1921 numerum
542 1887 665 1934 atque
691 1887 808 1921 antro
834 1881 995 1922 seclusa
1019 1882 1226 1934 relinquit.

55 1941 126 1982 illa
149 1948 318 1983 manent
341 1942 513 1983 immota
536 1943 637 1983 locis
662 1957 799 1996 neque
825 1943 877 1984 ab
903 1943 1046 1984 ordine
1072 1944 1243 1992 cedunt;

56 2018 200 2044 verum
225 2004 384 2053 eadem,
409 2019 528 2046 verso
553 2005 688 2046 tenuis
714 2020 810 2046 cum
835 2005 1001 2046 cardine
1027 2012 1175 2047 ventus

55 2066 220 2121 impulit
243 2074 283 2107 et
306 2074 468 2108 teneras
493 2067 677 2108 turbavit
701 2068 827 2108 ianua
851 2067 1034 2117 frondes,

55 2143 284 2181 numquam
309 2129 458 2171 deinde
483 2144 585 2171 cavo
610 2130 826 2170 volitantia
849 2130 1052 2184 prendere
1077 2145 1178 2171 saxo

55 2206 134 2232 nec
156 2205 351 2233 revocare
376 2191 477 2232 situs
502 2198 573 2232 aut
597 2192 770 2247 iungere
795 2192 979 2233 carmina
1004 2200 1139 2233 curat:

55 2253 278 2295 inconsulti
301 2254 457 2295 abeunt
481 2254 705 2307 sedemque
730 2254 854 2296 odere
880 2254 1078 2309 Sibyllae.

56 2315 124 2356 hic
147 2315 223 2355 tibi
247 2329 407 2385 nequa
408 2330 548 2358 morae
573 2316 728 2357 fuerint
752 2316 977 2388 dispendia
994 2317 1110 2365 tanti,

57 2378 246 2432 quamvis
271 2365 518 2433 increpitent
542 2378 642 2420 socii
667 2386 708 2420 et
731 2379 772 2419 vi
798 2393 942 2420 cursus
967 2379 1009 2419 in
1035 2380 1164 2420 altum

57 2440 151 2480 vela
174 2447 296 2480 vocet
318 2441 535 2494 possisque
562 2441 674 2482 sinus
700 2441 871 2495 implere
897 2442 1113 2488 secundos,

58 2501 160 2555 quin
184 2501 308 2542 adeas
332 2508 470 2544 vatem
495 2503 771 2557 precibusque
796 2503 963 2544 oracula
987 2518 1148 2558 poscas.

57 2563 149 2618 ipsa
173 2570 295 2604 canat
318 2578 545 2618 vocemque
571 2566 713 2606 volens
739 2572 863 2618 atque
888 2579 961 2606 ora
984 2566 1175 2608 resolvat.

58 2625 130 2667 illa
154 2626 229 2667 tibi
252 2626 398 2667 Italiae
423 2627 599 2683 populos
624 2635 882 2683 venturaque
907 2627 1017 2670 bella

1311 141 1403 188 ,141

1429 269 1496 300 420

1431 580 1495 611 425

1430 892 1496 923 430

1429 1204 1492 1235 435

1428 1517 1493 1547 440

1427 1827 1491 1858 445

1425 2140 1492 2170 450

1426 2450 1490 2482 455
