1622 2847
549 152 801 190 AENEIDOS
826 153 920 188 LIB.
946 152 995 189 11.
1368 143 1447 186 117

103 273 277 300 ascensu
302 273 451 313 supero
476 264 600 312 atque
626 258 795 299 arrectis
821 256 991 298 auribus
1017 257 1153 298 adsto:

102 321 145 361 in
169 327 352 376 segetem
377 321 503 362 veluti
528 335 622 361 cum
647 321 815 361 flamma
838 319 1072 360 furentibus
1098 320 1246 361 austris

102 382 258 431 incidit,
284 389 355 423 aut
378 383 546 437 rapidus
571 388 767 422 montano
792 381 962 423 flumine
987 389 1145 422 torrens
1476 393 1538 424 305

103 445 246 485 sternit
270 459 405 499 agros,
431 444 575 485 sternit
598 451 688 485 sata
711 444 818 485 laeta
842 443 1053 497 boumque
1078 444 1241 486 labores

102 507 429 561 praecipitesque
455 506 580 547 trahit
604 506 743 555 silvas,
769 512 907 560 stupet
930 506 1086 547 inscius
1112 507 1194 547 alto

103 569 308 623 accipiens
333 568 513 609 sonitum
539 568 627 609 saxi
653 568 704 609 de
729 567 882 609 vertice
907 574 1059 622 pastor.

103 636 190 671 tum
215 645 311 672 vero
337 630 557 672 manifesta
582 630 697 678 fides,
723 629 1007 683 Danaumque
1033 637 1253 684 patescunt

101 692 287 733 insidiae.
334 692 416 733 iam
439 692 652 747 Deiphobi
678 692 792 733 dedit
815 692 953 746 ampla
976 692 1140 733 ruinam
1475 705 1539 736 310

101 754 293 796 Vulcano
318 761 538 809 superante
564 755 724 803 domus,
750 755 832 795 iam
856 754 1070 809 proximus
1096 754 1214 796 ardet

101 815 335 871 Ucalegon,
363 816 493 872 Sigea
516 816 603 872 igni
627 816 734 858 freta
758 817 841 858 lata
864 817 1063 858 relucent.

101 879 284 921 exoritur
308 880 545 933 clamorque
568 879 704 921 virum
730 879 983 934 clangorque
1008 879 1217 920 tubarum.

101 956 216 982 arma
239 957 381 983 amens
406 941 525 996 capio
534 958 544 991 ;
570 956 647 983 nec
672 948 737 982 sat
761 941 929 982 rationis
955 941 997 982 in
1022 941 1160 990 armis,

102 1003 174 1045 sed
199 1004 429 1058 glomerare
454 1019 625 1044 manum
650 1004 758 1045 bello
785 1010 825 1044 et
849 1018 1095 1045 concurrere
1119 1003 1162 1044 in
1187 1018 1325 1045 arcem
1473 1014 1537 1046 315

101 1080 196 1107 cum
221 1066 341 1107 sociis
367 1066 513 1107 ardent
537 1066 676 1114 animi,
702 1066 817 1106 furor
839 1066 983 1119 iraque
1008 1073 1188 1107 mentem

100 1127 375 1183 praecipitant
397 1127 701 1182 pulchrumque
724 1127 829 1168 mori
856 1128 1060 1169 succurrit
1082 1128 1125 1168 in
1150 1129 1287 1170 armis.

156 1190 268 1232 Ecce
293 1197 431 1231 autem
457 1190 547 1231 telis
572 1190 762 1231 Panthus
788 1190 954 1245 elapsus
979 1190 1202 1239 Achivom,

99 1252 290 1293 Panthus
316 1250 570 1306 Othryades,
597 1252 702 1293 arcis
726 1251 973 1306 Phoebique
1000 1253 1205 1302 sacerdos,

101 1329 218 1355 sacra
240 1329 366 1355 manu
391 1315 603 1367 victosque
628 1314 726 1355 deos
752 1329 1012 1369 parvumque
1037 1322 1232 1369 nepotem
1472 1326 1536 1358 320

99 1376 188 1431 ipse
212 1377 337 1417 trahit
361 1390 567 1429 cursuque
593 1391 734 1417 amens
760 1377 811 1417 ad
836 1376 979 1417 limina
1004 1377 1145 1418 tendit.

101 1442 202 1492 ‘quo
228 1454 293 1480 res
319 1454 481 1479 summa
506 1439 610 1487 loco,
636 1438 829 1479 Panthu?
854 1453 979 1492 quam
1006 1439 1246 1493 prendimus
1267 1439 1444 1481 arcem?'

99 1501 169 1541 vix
195 1515 244 1542 ea
268 1501 377 1541 fatus
403 1516 530 1549 eram,
555 1501 714 1555 gemitu
739 1515 834 1541 cum
860 1501 958 1542 talia
982 1501 1135 1543 reddit:

100 1563 233 1604 ‘venit
257 1578 418 1604 summa
442 1563 530 1604 dies
555 1570 596 1605 et
619 1563 885 1604 ineluctabile
912 1570 1075 1619 tempus

98 1625 349 1666 Dardaniae.
399 1625 553 1666 fuimus
579 1625 725 1674 Troes,
751 1625 831 1665 fuit
855 1626 978 1666 Ilium
1004 1633 1044 1667 et
1068 1626 1216 1681 ingens
1470 1643 1534 1674 325

99 1687 230 1742 gloria
254 1688 531 1736 Teucrorum3
557 1687 670 1728 ferus
696 1688 835 1728 omnia
859 1688 1048 1742 Iuppiter
1072 1690 1213 1743 Argos

99 1750 323 1799 transtulit3
348 1750 517 1791 incensa
540 1750 681 1791 Danai
706 1751 971 1791 dominantur
994 1752 1037 1791 in
1062 1751 1178 1793 urbe.

99 1813 253 1854 arduus
278 1819 456 1853 armatos
482 1812 628 1854 mediis
652 1812 694 1853 in
719 1812 936 1854 moenibus
962 1814 1129 1854 adstans

98 1874 238 1916 fundit
261 1889 392 1928 equus
417 1874 630 1928 victorque
657 1873 789 1916 Sinon
813 1875 1005 1916 incendia
1029 1876 1175 1917 miscet

98 1936 311 1978 insultans.
359 1937 487 1991 portis
513 1936 580 1977 alii
605 1936 887 1991 bipatentibus
912 1937 1077 1986 adsunt,
1469 1952 1534 1983 330

98 1998 211 2039 milia
235 2005 335 2052 quot
358 1998 521 2053 magnis
545 2013 745 2052 umquam
769 2013 919 2041 venere
944 1999 1136 2054 Mycenis
1145 2016 1156 2049 3

99 2060 299 2102 obsedere
324 2061 393 2102 alii
417 2060 508 2102 telis
533 2068 711 2115 angusta
735 2061 897 2102 viarum

99 2123 294 2178 oppositi;
321 2129 402 2163 stat
425 2122 524 2164 ferri
549 2123 657 2164 acies
683 2137 880 2164 mucrone
906 2137 1078 2164 corusco

100 2185 253 2234 stricta,
277 2191 422 2240 parata
445 2184 537 2226 neci
546 2201 556 2234 3
583 2184 652 2225 vix
677 2185 798 2239 primi
823 2185 979 2239 proelia
1003 2192 1209 2240 temptant

98 2254 311 2302 portarum
335 2247 480 2301 vigiles
506 2254 547 2288 et
571 2261 694 2288 caeco
718 2247 859 2288 Marte
883 2247 1104 2289 resistunt.'
1469 2265 1532 2296 335

99 2309 250 2350 talibus
277 2307 522 2363 Othryadae
547 2309 666 2350 dictis
692 2320 732 2350 et
755 2309 925 2350 numine
950 2309 1093 2350 divum

99 2371 142 2412 in
165 2372 352 2412 flammas
377 2378 418 2412 et
440 2371 483 2411 in
508 2386 623 2412 arma
646 2371 769 2419 feror,
795 2385 877 2425 quo
902 2371 1028 2412 tristis
1055 2371 1222 2426 Erinys,

100 2448 182 2487 quo
208 2433 395 2473 fremitus
419 2440 539 2474 vocat
565 2441 605 2474 et
629 2434 816 2474 sublatus
841 2433 893 2474 ad
919 2434 1086 2475 aethera
1112 2435 1278 2476 clamor.

101 2495 261 2536 addunt
284 2510 327 2536 se
352 2495 483 2536 socios
507 2495 695 2550 Rhipeus
720 2502 761 2537 et
785 2495 990 2536 maximus
1015 2497 1140 2537 armis

101 2556 280 2612 Epytus,
306 2556 433 2597 oblati
456 2572 529 2612 per
552 2558 707 2606 lunam,
734 2558 1011 2612 Hypanisque
1036 2558 1296 2612 Dymasque,
1469 2571 1533 2603 340

103 2627 144 2663 et
166 2619 284 2660 lateri
309 2619 595 2675 adglomerant
619 2627 773 2672 nostro,
799 2620 1042 2677 iuvenisque
1069 2620 1285 2665 Coroebus
