1628 2847
467 144 818 181 CATALEPTON.
845 143 1024 182 GVLEX.

245 265 437 305 osusque.
448 249 597 291 lambis
623 248 759 291 saviis.

188 328 299 355 nunc
323 311 454 359 laede,
480 325 592 354 nunc
615 311 785 358 lacesse,
812 309 846 351 si
871 309 1094 365 quicquam
1119 310 1252 353 valesl

245 382 286 417 et
308 389 461 416 nomen
487 373 677 415 adscribo
702 379 834 414 tuum.

189 436 360 478 cinaede
384 436 586 485 Luciene‚
612 436 821 489 liquerunt
845 449 946 489 opes

245 499 440 552 fameque
465 498 637 554 genuini
662 503 844 552 crepant.

189 559 341 603 videbo
366 561 587 601 habentem
613 566 777 615 praeter
800 559 975 614 ignavos
1001 558 1103 600 nihil

247 623 394 665 fratres
420 630 460 664 et
483 623 634 664 iratum
659 622 805 663 Iovem

190 685 446 739 scissumque
472 692 658 727 ventrem
684 694 725 726 et
748 683 927 725 hirneosi
952 683 1089 738 patrui

245 747 373 803 pedes
398 747 536 790 inedia
560 747 762 802 turgidos.

625 854 739 896 XIV
764 853 876 906 (VI.)

193 934 239 976 Si
265 934 366 975 mihi
391 940 630 989 susceptum
654 933 780 975 fuerit
804 932 1023 975 decurrere
1048 948 1213 983 munus,

250 1011 273 1037 0
297 996 488 1052 Paphon,
515 1011 538 1037 o
565 996 684 1038 sedes
708 1010 816 1050 quae
841 995 940 1037 colis
965 995 1132 1042 Idalias,

191 1059 344 1101 Troius
370 1060 538 1100 Aeneas
564 1058 755 1100 Romana
779 1073 853 1113 per
876 1058 1029 1113 oppida
1055 1058 1180 1113 digno

246 1121 330 1163 iam
355 1121 523 1162 tandem
546 1128 594 1162 ut
618 1128 756 1162 tecum
781 1121 961 1162 carmine
987 1127 1129 1162 vectus
1155 1127 1239 1162 eat:

191 1198 274 1225 non
300 1198 378 1238 ego
403 1191 492 1225 ture
518 1183 641 1224 modo
666 1190 738 1225 aut
761 1183 872 1238 picta
896 1190 968 1224 tua
992 1183 1146 1238 templa
1172 1182 1325 1224 tabella

248 1246 405 1287 ornabo
430 1253 470 1287 et
493 1246 606 1300 puris
632 1252 741 1287 serta
764 1245 897 1287 feram
921 1245 1114 1286 manibus
1123 1261 1133 1294 3

192 1308 384 1363 corniger
410 1333 464 1337 —
491 1308 604 1349 haud
629 1308 734 1349 aries
758 1307 938 1356 humilis,
965 1308 1038 1349 sed
1062 1307 1245 1348 maxima
1268 1314 1410 1348 taurus

248 1370 417 1412 victima
443 1377 624 1412 sacratos
650 1377 817 1425 sparget
841 1370 997 1411 honore
1022 1370 1150 1419 focos,

193 1447 532 1486 marmoreusque
557 1433 632 1473 tibi
656 1440 729 1474 aut
752 1432 863 1474 mille
888 1432 1096 1474 coloribus
1122 1433 1207 1474 ales

249 1496 291 1536 in
316 1510 473 1537 morem
498 1496 609 1550 picta
633 1495 758 1536 stabit
782 1496 916 1536 Amor
939 1496 1146 1550 pharetra.

192 1558 317 1608 adsis,
343 1573 367 1599 o
394 1556 621 1612 Cytherea:
647 1565 742 1599 tuus
769 1564 808 1599 te
834 1556 992 1600 Caesar
1017 1556 1204 1613 Olympo

250 1628 291 1662 et
317 1619 552 1662 Surrentini
576 1620 707 1661 litoris
733 1636 804 1662 ara
829 1627 962 1663 vocat.

590 1829 927 1881 CVLEX.

138 1931 353 1981 Lusimus‚
378 1930 545 1980 Octavi,
571 1931 716 1986 gracili
740 1931 981 1972 modulante
1005 1930 1156 1972 Thalia

84 2002 208 2048 atque
233 2002 279 2035 ut
302 1993 482 2035 araneoli
507 2000 675 2034 tenuem
699 1993 970 2034 formavimus
996 2007 1149 2033 orsum.

82 2057 276 2098 lusimus:
301 2056 405 2097 haec
429 2062 598 2110 propter
622 2054 764 2096 culicis
789 2055 871 2095 sint
895 2055 1078 2096 carmina
1103 2055 1226 2105 dicta,

83 2119 217 2161 omnis
243 2126 283 2160 et
305 2118 501 2159 historiae
527 2132 601 2172 per
624 2117 770 2158 ludum
800 2124 999 2158 consonet
1023 2117 1124 2159 ordo

83 2182 251 2224 notitiae
260 2197 270 2231 ;
297 2181 447 2222 ducam
472 2195 607 2229 voces,
631 2180 728 2222 licet
752 2180 917 2221 invidus
941 2179 1060 2221 adsit.

85 2244 273 2299 quisquis
298 2243 374 2284 erit
399 2243 566 2297 culpare
590 2242 701 2284 iocos
727 2257 974 2296 musamque
998 2249 1181 2297 paratus,

85 2307 268 2363 pondere
292 2306 358 2346 vel
383 2305 525 2346 culicis
551 2305 681 2346 levior
704 2304 900 2358 famaque
925 2304 1095 2345 feratur.

85 2369 290 2425 posterius
316 2367 506 2423 graviore
527 2381 627 2408 sono
652 2367 726 2407 tibi
751 2382 871 2408 musa
895 2368 1086 2421 loquetur

86 2438 239 2479 nostra,
265 2430 421 2471 dabunt
448 2445 543 2471 cum
566 2436 751 2470 maturos
777 2429 878 2470 mihi
902 2436 1090 2484 tempora
1114 2429 1288 2480 fructus,

87 2501 134 2535 ut
157 2493 231 2533 tibi
257 2493 383 2546 digna
406 2499 476 2533 tuo
503 2492 712 2546 poliantur
737 2491 921 2533 carmina
945 2507 1082 2533 sensu.

145 2555 333 2595 Latonae
358 2554 582 2609 magnique
607 2554 720 2594 Iovis
746 2553 886 2603 decus,
912 2569 1038 2594 aurea
1062 2555 1211 2608 proles,

88 2617 285 2658 Phoebus
311 2616 387 2657 erit
409 2616 543 2657 nostri
567 2616 760 2672 princeps
785 2622 825 2657 et
850 2616 1041 2657 carminis
1067 2624 1211 2658 auctor

1133 2682 1208 2716 23ἦε

1339 135 1365 177 20

1449 444 1490 476 35

1451 757 1494 787 40

1454 1505 1495 1535 10

1461 2505 1503 2535 10
