1622 2847
508 146 760 184 AENEIDOS
784 148 880 183 LIB.
905 148 973 184 111.

76 253 260 296 Teucrus
286 253 494 296 Rhoeteas
519 252 700 308 primum
725 258 788 294 est
812 252 1010 294 advectus
1037 252 1089 294 ad
1114 267 1207 294 oras

74 316 315 370 optavitque
338 317 476 357 locum
500 329 649 370 regno:
674 315 859 355 nondum
883 314 1008 355 Ilium
1034 322 1075 356 et
1099 330 1214 357 arces

72 377 329 433 Pergameae
354 384 569 426 steterant3
595 376 839 418 habitabant
863 377 1041 418 vallibus
1066 378 1172 418 imis.

71 439 169 481 hinc
193 447 324 481 mater
348 440 497 480 cultrix
524 438 712 493 Cybelae
739 438 1080 493 Corybantiaque
1105 455 1201 481 aera

70 501 327 555 Idaeumque
351 516 511 549 nemus,
536 501 633 542 hinc
656 501 741 542 fida
766 500 928 541 silentia
953 501 1093 550 sacris,

72 570 113 604 et
135 563 264 605 iuncti
289 578 455 604 currum
480 562 672 604 dominae
698 563 863 604 subiere
887 563 1040 604 leones.

72 640 172 681 ergo
200 626 309 680 agite
335 632 375 666 et
399 625 542 666 divum
568 625 728 666 ducunt
751 639 835 678 qua
858 624 971 665 iussa
996 639 1237 678 sequamur3

71 688 284 742 placemus
309 693 454 727 ventos
480 694 520 727 et
546 685 705 727 Gnosia
729 701 860 740 regna
884 693 1088 741 petamus.

70 763 147 790 nec
171 750 295 803 longo
321 748 477 789 distant
501 762 644 797 cursu3
669 749 793 788 modo
817 748 1006 802 Iuppiter
1031 750 1152 798 adsit,

70 810 191 852 tertia
215 811 287 851 lux
311 810 486 852 classem
512 809 700 852 Cretaeis
727 810 843 851 sistet
866 811 909 850 in
933 811 1041 851 oris.'

69 873 129 914 sic
151 873 263 913 fatus
286 873 454 914 meritos
480 873 559 913 aris
584 872 783 913 mactavit
810 872 1001 920 honores,

69 941 234 976 taurum
257 935 465 990 NeptunO,
491 942 656 976 taurum
681 935 768 984 tibi,
795 935 967 989 pulcher
992 935 1160 989 Apollo,

68 997 231 1052 nigram
255 997 396 1038 Hiemi
421 996 638 1052 pecudem,
666 996 870 1051 Zephyris
895 997 1085 1038 felicibus
1113 997 1263 1038 albam.

124 1059 257 1100 Fama
281 1060 393 1100 volat
415 1059 582 1114 pulsum
606 1059 746 1114 regnis
772 1058 944 1100 cessisse
968 1059 1152 1114 paternis

68 1120 294 1162 Idomenea
318 1121 479 1169 ducem,
506 1121 751 1174 desertaque
774 1121 895 1161 litora
921 1119 1085 1169 Cretae,

68 1182 186 1224 hoste
211 1198 358 1224 vacare
384 1183 528 1223 domos
555 1183 757 1236 sedesque
784 1183 948 1223 adstare
973 1182 1150 1224 relictas.

66 1244 292 1298 linquimus
318 1243 524 1299 Ortygiae
549 1251 692 1299 portus
716 1244 950 1299 pelagoque
975 1245 1177 1293 volamus,

67 1307 395 1360 bacchatamque
419 1307 529 1362 iugis
553 1307 705 1347 Naxon
729 1306 988 1360 viridemque
1012 1306 1248 1356 Donusam,

68 1367 254 1410 Olearon
278 1370 526 1423 niveamque
550 1369 691 1410 Paron
716 1384 963 1423 sparsasque
988 1384 1062 1423 per
1087 1383 1242 1422 aequor

68 1429 277 1485 Cycladas
302 1438 343 1472 et
367 1432 521 1473 crebris
545 1431 722 1486 legimus
747 1431 854 1472 freta
879 1432 1040 1472 concita
1065 1432 1196 1472 terris.

65 1494 257 1535 nauticus
284 1494 466 1535 exoritur
490 1494 603 1534 vario
629 1493 851 1534 certamine
877 1494 1050 1542 clamor3

65 1556 282 1597 hortantur
306 1557 419 1605 socii,
447 1556 614 1598 Cretam
639 1570 900 1610 proavosque
925 1563 1132 1610 petamus.

65 1618 329 1673 prosequitur
353 1633 528 1673 surgens
554 1634 578 1659 a
602 1617 732 1672 puppi
757 1625 906 1659 ventus
933 1619 1068 1659 euntis

66 1687 107 1722 et
130 1681 297 1722 tandem
323 1681 503 1734 antiquis
530 1679 733 1722 Curetum
760 1680 994 1721 adlabimur
1018 1680 1113 1721 oris.

66 1758 165 1798 ergo
191 1743 336 1784 avidus
361 1757 502 1784 muros
527 1750 692 1798 optatae
716 1743 863 1783 molior
886 1743 1002 1783 urbis

64 1806 424 1861 Pergameamque
449 1820 552 1847 voco
579 1812 619 1846 et
643 1806 794 1846 laetam
820 1805 1067 1859 cognomine
1092 1812 1261 1861 gentem

65 1868 206 1909 hortor
230 1883 369 1910 amare
394 1868 509 1910 focos
535 1882 756 1922 arcemque
781 1869 968 1909 attollere
993 1869 1125 1909 tectis.

64 1931 230 1984 iamque
255 1931 341 1972 fere
366 1931 474 1972 sicco
500 1931 729 1972 subductae
754 1931 872 1972 litore
898 1946 1080 1985 puppes3

66 1993 240 2034 conubis
266 1993 456 2046 arvisque
480 1993 598 2033 novis
625 1999 795 2047 operata
819 1993 1033 2041 iuventus3

65 2056 156 2096 iura
180 2055 407 2108 domosque
432 2055 602 2095 dabam:
629 2055 766 2095 subito
792 2069 887 2096 cum
912 2055 1055 2096 tabida
1079 2055 1290 2106 membris,

66 2124 258 2171 corrupto
284 2117 386 2158 caeli
409 2124 556 2165 tractu,
581 2117 898 2170 miserandaque
924 2117 1038 2157 venit

66 2180 366 2232 arboribusque
390 2179 571 2233 satisque
596 2179 684 2220 lues
710 2186 751 2220 et
774 2179 910 2220 letifer
936 2194 1079 2220 annus.

64 2242 310 2295 linquebant
334 2241 476 2282 dulces
502 2241 660 2282 animas
687 2248 758 2281 aut
783 2256 909 2295 aegra
934 2241 1155 2282 trahebant

66 2318 251 2358 corpora,
276 2310 364 2343 tum
389 2303 546 2344 steriles
572 2318 745 2344 exurere
771 2302 904 2344 Sirius
930 2317 1066 2357 agros,

66 2367 238 2407 arebant
262 2365 414 2406 herbae
439 2373 481 2406 et
504 2366 659 2406 victum
685 2381 804 2420 seges
830 2381 956 2420 aegra
981 2366 1175 2420 negabat.

64 2443 207 2469 rursus
234 2427 286 2468 ad
311 2428 493 2469 oraclum
519 2427 725 2482 Ortygiae
749 2428 1052 2481 Phoebumque
1076 2443 1267 2470 remenso

65 2491 253 2531 hortatur
276 2496 393 2544 pater
417 2491 476 2531 ire
501 2491 605 2530 mari
630 2490 877 2544 veniamque
903 2491 1075 2545 precari,

66 2567 191 2605 quam
217 2552 336 2593 fessis
360 2552 485 2593 finem
509 2553 633 2592 rebus
658 2553 776 2600 ferat,
802 2553 913 2593 unde
938 2552 1128 2593 laborum

67 2621 268 2669 temptare
294 2614 494 2655 auxilium
517 2614 672 2663 iubeat,
698 2628 781 2668 quo
806 2621 966 2656 vertere
992 2629 1150 2656 cursus.

1339 139 1418 181 133

1449 388 1512 419 110

1448 697 1510 727 115

1446 1009 1509 1039 120

1444 1318 1507 1347 125

1442 1630 1506 1660 130

1442 1945 1504 1977 135

1442 2255 1505 2286 140

1441 2565 1503 2594 145
