1622 2847
228 160 284 203 44
646 170 690 205 P.
711 169 920 207 VERGILI
943 170 1121 207 MARON
1124 170 1168 206 IS

161 287 203 319 30
229 274 328 328 quin
354 281 395 316 et
419 274 662 316 caudicibus
687 274 808 316 sectis
833 274 1038 326 (mirabile
1063 275 1192 327 dictu)

228 337 410 378 truditur
435 352 457 378 e
483 338 591 379 sicco
617 337 735 378 radix
761 337 953 392 oleagina
976 337 1104 392 ligno,

227 406 268 440 et
293 414 418 454 saepe
443 399 610 441 alterius
636 414 772 440 ramos
797 399 966 454 impune
991 399 1181 441 videmus

227 467 387 503 vertere
411 461 454 502 in
479 461 647 502 alterius
672 469 958 515 mutatamque
982 461 1105 503 insita
1129 461 1239 502 mala

228 523 335 565 ferre
359 523 497 578 pirum
522 531 562 566 et
586 523 728 578 prunis
754 523 941 579 lapidosa
965 523 1184 565 rubescere
1213 536 1349 564 corna.

162 597 203 628 35
286 585 428 636 Quare
453 585 562 641 agite
588 600 612 626 ο
636 586 824 640 proprios
849 585 1079 641 generatim
1104 585 1248 627 discite
1272 585 1422 634 cultus,

230 648 450 702 agricolae,
478 648 723 701 fructusque
748 648 857 689 feros
882 648 1038 689 mollite
1063 647 1249 696 colendo,

231 725 313 751 neu
339 726 486 765 segnes
512 711 675 752 iaceant
698 718 844 752 terrae.
893 711 1009 752 iuvat
1032 710 1193 752 Ismara
1216 709 1385 751 Baccho

231 787 446 815 conserere
473 780 597 827 atque
623 773 714 815 olea
738 788 939 829 magnum
962 773 1113 814 vestire
1138 772 1396 813 Taburnum.

230 842 358 888 tuque
383 835 481 877 ades
506 836 802 890 inceptumque
827 850 912 876 una
936 835 1105 877 decurre
1129 834 1329 883 laborem,

164 908 207 938 40
232 911 255 938 o
282 897 421 945 decus,
446 912 470 938 o
495 898 631 939 famae
656 898 802 939 merito
827 912 922 952 pars
948 898 1128 938 maxima
1152 904 1331 945 nostrae,

230 959 471 1008 Maecenas,
496 960 731 1015 pelagoque
755 960 900 1000 volans
927 959 980 1000 da
1004 960 1097 1000 vela
1121 957 1291 1014 patenti.

230 1036 314 1063 non
340 1036 418 1076 ego
445 1029 594 1063 cuncta
618 1022 720 1063 meis
746 1022 939 1076 amplecti
963 1021 1152 1063 versibus
1177 1028 1287 1075 opto,

229 1098 313 1125 non
337 1083 438 1124 mihi
464 1084 497 1125 si
521 1084 689 1138 linguae
714 1091 880 1125 centum
906 1084 985 1125 sint
1010 1098 1164 1137 oraque
1190 1090 1369 1131 centum,

230 1146 365 1188 ferrea
390 1160 483 1186 vox.
533 1146 630 1187 ades
656 1153 695 1187 et
720 1146 842 1201 primi
866 1146 959 1200 lege
983 1146 1112 1187 litoris
1137 1159 1270 1194 oram3

164 1219 205 1249 45
230 1209 272 1250 in
297 1208 490 1249 manibus
515 1215 667 1250 terrae:
692 1223 778 1249 non
802 1208 869 1249 hic
893 1216 933 1249 te
958 1208 1139 1249 carmine
1163 1207 1259 1248 ficto

232 1279 357 1325 atque
383 1286 456 1325 per
482 1271 680 1326 ambages
707 1278 747 1312 et
771 1271 897 1325 longa
921 1285 1069 1312 exorsa
1093 1269 1255 1312 tenebo.

290 1332 451 1388 Sponte
476 1349 551 1375 sua
576 1347 683 1387 quae
708 1348 752 1375 se
777 1333 927 1375 tollunt
951 1333 992 1374 in
1017 1332 1184 1374 luminis
1210 1347 1316 1381 oras,

232 1395 458 1437 infecunda
482 1395 665 1449 quidem,
691 1396 764 1437 sed
788 1396 895 1437 laeta
920 1403 959 1437 et
984 1395 1106 1436 fortia
1131 1402 1325 1450 surgunt3

232 1458 385 1513 quippe
411 1458 498 1499 solo
523 1465 673 1499 natura
697 1458 851 1499 subest.
900 1464 1038 1499 tamen
1063 1457 1165 1499 haec
1190 1471 1370 1510 quoque,
1396 1455 1524 1510 siquis

166 1530 209 1560 50
232 1521 386 1561 inserat
411 1527 483 1562 aut
508 1520 724 1562 scrobibus
749 1521 918 1562 mandet
943 1527 1101 1561 mutata
1125 1519 1322 1568 subactis,

233 1583 423 1625 exuerint
449 1583 679 1625 silvestrem
705 1584 889 1624 animum
914 1584 1112 1636 cultuque
1136 1581 1344 1635 frequenti

232 1646 277 1686 in
300 1660 586 1699 quascumque
611 1645 724 1687 voles
750 1653 856 1687 artes
883 1645 995 1686 haud
1020 1645 1139 1686 tarda
1164 1650 1400 1698 sequentur.

234 1722 312 1749 nec
336 1722 419 1748 non
444 1715 484 1749 et
509 1708 671 1757 sterilis,
697 1722 804 1761 quae
830 1708 1028 1762 stirpibus
1053 1707 1136 1748 exit
1161 1706 1213 1748 ab
1238 1706 1345 1754 imis,

235 1770 314 1811 hoc
339 1770 477 1818 faciat,
504 1785 658 1812 vacuos
685 1770 719 1812 si
744 1771 796 1812 sit
820 1771 983 1825 digesta
1006 1784 1080 1824 per
1104 1782 1245 1823 agros:

171 1840 212 1870 55
238 1847 349 1873 nunc
374 1832 482 1874 altae
506 1832 675 1874 frondes
701 1839 740 1874 et
763 1833 867 1873 rami
892 1832 1033 1872 matris
1058 1839 1236 1886 opacant

238 1894 521 1948 crescentique
548 1895 736 1935 adimunt
759 1894 870 1935 fetus
895 1902 1103 1947 uruntque
1128 1893 1341 1935 ferentem.

238 1958 320 1998 iam
345 1971 453 2011 quae
479 1957 706 1998 seminibus
731 1957 850 1998 iactis
875 1972 918 1998 se
944 1956 1108 1998 sustulit
1133 1956 1268 2004 arbos,

239 2020 358 2061 tarda
382 2020 507 2068 venit,
533 2020 634 2060 seris
660 2019 822 2061 factura
845 2019 1067 2074 nepotibus
1092 2017 1297 2067 umbram,

239 2096 445 2136 pomaque
470 2082 725 2137 degenerant
749 2096 870 2123 sucos
895 2081 1022 2122 oblita
1046 2081 1203 2135 priores

174 2152 216 2183 60
241 2151 281 2185 et
304 2144 436 2198 turpis
462 2145 609 2185 avibus
633 2143 832 2199 praedam
856 2143 935 2185 fert
960 2158 1042 2184 uva
1066 2156 1265 2183 racemos.

298 2205 466 2247 Scilicet
491 2207 684 2247 omnibus
710 2214 770 2248 est
793 2206 912 2247 labor
934 2205 1222 2260 inpendendus
1247 2210 1287 2246 et
1311 2217 1454 2245 omnes

242 2269 453 2323 cogendae
478 2269 520 2310 in
544 2270 705 2310 sulcum
731 2283 778 2310 ac
803 2269 933 2309 multa
957 2267 1146 2309 mercede
1172 2266 1416 2308 domandae.

242 2331 315 2372 sed
340 2331 494 2373 truncis
517 2332 633 2373 oleae
657 2332 817 2379 melius,
842 2331 1071 2386 propagine
1095 2330 1199 2370 vites

241 2393 506 2448 respondent,
533 2394 663 2434 solido
688 2393 875 2448 Paphiae
901 2394 951 2435 de
976 2393 1124 2433 robore
1154 2398 1333 2446 myrtus3

176 2465 216 2494 65
241 2455 392 2510 plantis
417 2464 456 2497 et
482 2457 610 2498 durae
635 2456 764 2511 coryli
788 2463 1016 2497 nascuntur
1039 2462 1079 2496 et
1103 2455 1250 2508 ingens

242 2518 428 2558 fraxinus
454 2519 771 2572 Herculeaeque
797 2518 918 2559 arbos
942 2517 1139 2558 umbrosa
1164 2530 1339 2557 coronae

244 2579 503 2634 Chaoniique
529 2580 657 2634 patris
681 2580 868 2634 glandes,
895 2580 1018 2621 etiam
1043 2579 1173 2620 ardua
1196 2578 1335 2632 palma

240 2642 425 2684 nascitur
451 2650 491 2684 et
515 2657 635 2683 casus
661 2642 776 2684 abies
802 2643 942 2684 visura
966 2641 1158 2683 marinos.
