1660 2847
514 173 768 211 AENEIDOS
792 173 886 209 LIB.
912 172 1015 209 vm.
1352 162 1436 206 243

94 298 221 325 aurea
244 297 351 336 quae
377 279 609 336 perhibent,
635 279 705 319 illo
731 278 809 319 sub
833 292 932 332 rege
956 277 1073 319 fuere

93 345 276 387 saecula:
303 344 361 385 sic
384 342 547 398 placida
571 341 747 396 populos
770 340 814 381 in
838 354 940 395 pace
965 340 1149 394 regebat,
1465 348 1529 379 325

95 408 273 450 deterior
296 407 430 447 donec
454 404 657 459 paulatim
682 418 730 444 ac
755 403 921 444 decolor
945 410 1058 443 aetas

95 477 136 512 et
161 469 258 511 belli
281 468 416 509 rabies
442 474 483 508 et
506 480 621 507 amor
646 465 844 507 successit
867 464 1062 505 habendi.

94 540 184 574 tum
207 546 354 572 manus
378 529 570 570 Ausonia
594 535 635 570 et
658 534 804 583 gentes
829 541 979 568 venere
1006 525 1199 575 Sicanae,

95 594 259 649 saepius
283 599 323 634 et
346 606 495 633 nomen
521 591 661 645 posuit
686 589 883 631 Saturnia
907 589 1049 637 tellus3

94 664 183 698 tum
207 670 326 710 reges
352 668 554 709 asperque
578 652 749 693 immani
777 665 948 706 corpore
973 650 1170 705 Thybris,
1467 660 1532 691 330

96 734 120 759 a
144 732 224 772 quo
248 723 343 772 post
365 717 460 757 Itali
484 715 657 756 fluvium
683 713 929 768 cognomine
954 712 1162 767 Thybrim

96 780 274 820 diximus
283 796 293 828 3
320 779 456 820 amisit
480 792 624 819 verum
649 783 769 817 vetus
796 775 954 816 Albula
978 789 1143 815 nomen.

95 857 160 883 me
184 842 351 896 pulsum
375 840 508 895 patria
535 839 760 894 pelagique
785 845 969 879 extrema
996 843 1239 890 sequentem

94 904 281 945 Fortuna
306 904 565 958 omnipotens
591 909 631 943 et
654 900 918 942 ineluctabile
943 899 1075 940 fatum

94 966 158 1007 his
182 980 358 1021 posuere
383 965 484 1006 locis
508 964 736 1017 matrisque
761 977 883 1018 egere
914 961 1128 1003 tremenda
1468 970 1532 1001 335

97 1027 331 1069 Carmentis
355 1027 564 1081 nymphae
589 1026 746 1066 monita
771 1033 810 1066 et
835 1025 937 1066 deus
962 1031 1105 1064 auctor
1129 1022 1311 1077 Apollo.'

95 1091 165 1131 vix
190 1105 239 1131 ea
263 1090 385 1138 dicta,
411 1089 560 1130 dehinc
584 1102 831 1143 progressus
855 1093 1056 1127 monstrat
1083 1092 1124 1127 et
1148 1100 1262 1126 aram

95 1159 137 1194 et
161 1150 468 1193 Carmentalem
493 1150 671 1192 Romani
695 1149 861 1190 nomine
887 1155 1049 1203 portam

94 1228 219 1268 quam
244 1220 487 1262 memorant,
511 1212 721 1267 nymphae
746 1212 930 1267 priscum
957 1208 1192 1252 Carmentis
1218 1209 1430 1259 honorem,

94 1277 198 1318 vatis
224 1276 427 1323 fatidicae,
453 1275 601 1317 cecinit
627 1289 734 1328 quae
760 1275 893 1329 prima
917 1273 1079 1314 futuros
1470 1282 1534 1312 340

93 1339 316 1380 Aeneadas
342 1352 517 1393 magnos
543 1344 583 1378 et
606 1337 744 1378 nobile
770 1336 1053 1377 Pallanteum.

94 1401 189 1441 hinc
213 1401 354 1441 lucum
377 1400 602 1454 ingentem,
628 1413 753 1452 quem
778 1397 983 1438 Romulus
1009 1411 1104 1437 acer
1129 1396 1291 1450 asylum

94 1462 261 1512 rettulit,
287 1469 329 1503 et
351 1462 490 1516 gelida
514 1468 718 1501 monstrat
742 1460 820 1501 sub
845 1474 948 1514 rupe
975 1459 1202 1513 Lupercal,

93 1524 316 1566 Parrhasio
342 1524 498 1565 dictum
522 1523 662 1563 Panos
690 1523 740 1563 de
766 1536 879 1562 more
905 1521 1078 1575 Lycaei.

93 1601 172 1628 ne.)
195 1601 278 1627 non
304 1593 345 1627 et
369 1587 474 1627 sacri
499 1592 700 1625 monstrat
724 1599 871 1624 nemus
898 1583 1078 1638 Argileti
1469 1594 1533 1625 345

94 1656 350 1702 testaturque
374 1649 512 1689 locum
537 1654 579 1688 et
602 1648 732 1688 letum
758 1646 877 1687 docet
904 1645 1076 1700 hospitis
1104 1645 1223 1700 Argi.

94 1711 190 1752 hinc
215 1711 269 1751 ad
292 1710 514 1766 Tarpeiam
541 1709 684 1750 sedem
710 1716 750 1749 et
776 1708 982 1762 Capitolia
1007 1707 1132 1756 ducit,

94 1788 221 1814 aurea
244 1787 367 1822 nunc,
394 1773 491 1814 olim
517 1771 774 1813 silvestribus
800 1770 966 1811 horrida
991 1769 1140 1810 dumis.

93 1836 178 1876 iam
202 1842 290 1876 tum
314 1835 473 1889 relligio
499 1834 673 1889 pavidos
699 1833 880 1874 terrebat
905 1832 1079 1886 agrestis

95 1898 186 1939 dira
209 1898 302 1946 loci,
328 1897 411 1938 iam
436 1904 524 1937 tum
550 1897 696 1937 silvam
721 1909 951 1948 saxumque
977 1894 1222 1936 tremebant.
1470 1905 1535 1936 350

96 1960 192 2001 ‘hoc
216 1975 377 2008 nemus,
402 1959 531 2000 hunc'
557 1959 693 2012 inquit
717 1958 934 1998 ‘frondoso
959 1957 1112 1998 vertice
1141 1957 1301 2005 collem,

97 2022 189 2076 quis
215 2022 316 2063 deus
341 2022 545 2063 incertum
571 2029 647 2070 est,
672 2020 832 2062 habitat
857 2020 978 2068 deus3
1006 2020 1193 2060 Arcades
1217 2020 1355 2074 ipsum

97 2084 271 2125 credunt
293 2099 337 2126 se
360 2083 515 2124 vidisse
540 2083 700 2132 Iovem,
728 2097 822 2123 cum
849 2097 972 2136 saepe
997 2082 1231 2136 nigrantem

96 2146 245 2201 aegida
269 2152 510 2188 concuteret
534 2145 680 2186 dextra
704 2145 951 2197 nimbosque
977 2144 1114 2185 cieret.

96 2208 200 2249 haec
225 2208 307 2249 duo
332 2215 546 2263 praeterea
571 2207 751 2248 disiectis
776 2207 928 2261 oppida
952 2206 1094 2254 muris,
1470 2217 1534 2248 355

96 2270 306 2324 relliquias
331 2278 600 2324 veterumque
626 2270 741 2310 vides
765 2276 1034 2310 monumenta
1059 2269 1253 2309 virorum.

97 2333 204 2373 hanc
228 2333 354 2374 Ianus
379 2342 508 2388 pater,
534 2334 640 2373 hanc
667 2332 873 2373 Saturnus
900 2332 1085 2373 condidit
1111 2346 1266 2381 arcem3

97 2394 332 2435 Ianiculum
357 2395 466 2444 huic,
491 2395 549 2435 illi
574 2395 707 2435 fuerat
736 2392 933 2434 Saturnia
956 2393 1133 2434 nomen.’

98 2456 250 2496 talibus
276 2457 382 2497 inter
405 2471 449 2497 se
474 2456 593 2496 dictis
619 2456 671 2496 ad
696 2463 803 2496 tecta
828 2455 1025 2495 subibant

98 2518 292 2572 pauperis
318 2517 505 2558 Euandri
530 2518 766 2573 passimque
793 2525 978 2558 armenta
1003 2516 1202 2556 videbant
1471 2527 1536 2558 360

99 2579 375 2633 Romanoque
401 2580 490 2620 foro
517 2588 556 2620 et
580 2580 703 2621 lautis
729 2579 889 2634 mugire
916 2577 1093 2619 Carinis.

99 2650 146 2683 ut
170 2651 340 2683 ventum
368 2643 421 2683 ad
446 2643 577 2692 sedes,
604 2641 742 2683 ‘haec’
769 2641 903 2695 inquit
928 2641 1089 2681 ‘limina
1114 2642 1245 2681 victor

1145 2707 1218 2740 16³⁶
