1654 2837
99 154 205 189 XXII

604 164 838 195 ADNOTATIO
863 166 1033 195 CRITIOA.

98 235 188 271 locis
200 239 238 272 et
247 237 286 272 in
297 236 403 272 libris
414 237 544 273 nostris
557 240 594 273 et
605 239 643 273 in
656 239 804 285 scripto·
832 239 862 274 F
894 239 1051 274 schedae
1067 240 1269 276 Vaticanae

98 293 178 316 rum
198 283 414 318 testimoniis
432 284 528 318 haud
546 284 677 330 exigua
694 285 804 330 scrip·
833 285 867 320 Gr
895 285 1050 320 schedae
1069 284 1324 331 Sangallenses
1341 285 1538 332 rescriptae

98 330 201 362 turae
212 328 456 374 discrepantia
466 334 653 374 appareat,
662 334 724 364 aut
736 342 805 364 non

99 373 187 407 satis
205 377 304 408 certa
327 374 374 408 sit
396 385 517 408 eorum
535 385 627 419 quae
652 376 806 410 eduntur

97 417 190 453 fides
200 422 236 453 et
245 419 450 453 auctoritas.
465 420 570 453 simul
582 424 703 455 tamen
715 420 804 454 illud

96 463 321 516 intellegitur
357 465 395 498 in
437 465 573 499 tradita
615 465 804 511 scriptura,

99 509 241 543 etiamffl
257 509 422 555 Vergilio
438 521 509 543 non
526 510 669 544 omnino
694 511 805 557 digna

96 553 278 599 videatur,
321 556 532 600 plerumque
573 556 803 599 acquiescen-
831 571 851 601 y

98 599 183 633 dum
201 611 290 634 csse.
317 612 400 634 nam
413 605 453 634 ut
467 612 520 642 ea,
536 612 628 644 quae
642 601 803 636 librario-

95 656 175 678 rum
199 645 377 679 erroribus
406 646 594 691 inquinata
623 656 701 680 esse
729 647 803 680 veri

96 690 212 724 simile
223 690 522 735 sit,probabiliter
532 691 715 725 emendari
725 703 803 737 pos-

96 735 184 770 sint:
209 736 324 770 sicubi
342 736 659 782 grammaticorum
677 737 804 771 studiis

95 784 160 815 aut
172 781 397 826 scriptorum,
409 781 470 826 qui
484 782 632 826 quidem
646 783 805 816 carmina

94 826 332 871 laudaverint,
361 826 501 861 incuria
528 827 565 860 id
595 828 690 870 quod
716 828 803 862 Ver-

122 871 205 905 ilius
229 872 373 917 scripsit
395 873 625 906 obscuratum
647 877 711 917 est,
736 872 802 906 dif—

95 883 295 951 {emimum
335 928 412 951 esse
458 921 611 962 apparet
650 921 686 952 et
725 928 803 951 eam

93 962 210 1007 ipsam
227 974 303 996 rem
327 973 543 1008 cognoscere
562 966 598 997 et
620 963 657 996 in
674 967 804 1008 poetae

94 1018 204 1042 manu
226 1008 452 1042 restituenda
475 1019 555 1041 earn
581 1019 690 1052 quam
718 1008 804 1042 artis

95 1053 268 1087 severitas
291 1053 435 1098 flagitat
458 1053 620 1087 veritatis
645 1054 803 1099 speciem

94 1098 256 1142 adsequi.
288 1099 430 1133 accedit
453 1099 549 1143 quod
571 1099 609 1132 in
631 1099 804 1133 bucolicis

95 1143 213 1188 siquid
243 1155 370 1188 parum
399 1148 484 1188 apte
516 1148 579 1178 aut
610 1145 801 1189 perspicue

94 1194 157 1224 aut
181 1190 367 1234 eleganter
390 1190 524 1223 dictum
553 1189 735 1231 videatur,
765 1193 805 1223 ut

95 1235 346 1269 emendatione
379 1245 468 1279 opus
501 1245 579 1269 esse
618 1235 685 1269 tibi
723 1246 803 1280 per-

94 1281 260 1323 suadeas,
285 1280 463 1314 dubitatio
487 1283 667 1324 movetur,
697 1291 743 1314 an
765 1280 802 1314 id

94 1326 192 1370 quod
216 1325 409 1370 displiceat
430 1325 551 1360 iuveni
574 1329 704 1371 poetae
722 1337 802 1360 con-

95 1371 302 1405 donandum
340 1371 402 1414 sit,
447 1371 582 1416 quippe
621 1371 682 1416 qui
724 1371 802 1415 ipse

95 1417 271 1451 audacem
307 1417 455 1451 iuventa
487 1428 524 1450 se
562 1427 605 1450 ea
643 1417 803 1451 carmina

93 1465 290 1505 temptasse
300 1473 371 1495 non
382 1462 674 1501 dissimulaverit(
678 1473 801 1507 georg.

94 1508 148 1542 IV
166 1508 254 1550 5135).
289 1508 326 1540 in
349 1507 513 1541 Aeneide
543 1511 662 1541 autem
692 1508 803 1541 multa

95 1563 177 1587 cum
195 1553 469 1587 emendaturum
487 1552 599 1587 fuisse
617 1557 714 1587 certo
736 1553 801 1586 sci-

94 1610 183 1632 mus.
216 1608 309 1643 quae
333 1609 413 1632 cum
435 1598 487 1632 ita
511 1598 595 1642 sint,
620 1609 642 1632 a
665 1598 802 1632 coniec-

93 1644 183 1678 turis
194 1643 412 1688 recipiendis
423 1644 634 1688 plerumque
645 1644 803 1678 abstinui

93 1700 210 1734 neque
222 1688 291 1722 nisi
305 1700 439 1733 paucos
451 1700 574 1723 versus
584 1693 619 1723 et
632 1690 802 1724 librorum

96 1738 132 1769 et
148 1734 433 1769 testimoniorum
451 1735 665 1768 auctoritate
689 1734 803 1769 muni-

93 1784 149 1814 tos
165 1783 353 1824 tamquam
371 1780 583 1814 subditicios
601 1780 741 1814 seclusi.
766 1780 802 1814 in

94 1825 199 1870 locis,
229 1835 381 1869 quorum
405 1825 583 1870 scriptura
605 1826 724 1860 adhuc
751 1825 802 1860 in-

95 1874 196 1906 certa
218 1871 372 1914 videtur,
398 1871 571 1905 librorum
594 1871 803 1905 memoriam

95 1917 382 1962 scriptorumque
405 1917 613 1950 testimonia
631 1916 803 1960 indicavi,

96 1962 205 1997 etiam
227 1962 470 1996 recentiorum
488 1962 533 1995 de
551 1962 715 1996 codicum
734 1962 803 1995 dis-

95 2007 290 2052 crepantiis
315 2007 474 2041 iudicia4
502 2010 538 2041 ct
567 2008 803 2051 coniecturas,

96 2056 270 2098 quantum
303 2053 391 2086 utile
421 2052 631 2095 videbatur,
667 2052 802 2086 addidi.

94 2099 268 2132 librorum
286 2097 483 2142 scripturas
501 2109 542 2132 ex
561 2098 702 2132 Ottonis
717 2098 802 2132 Rib-

95 2143 217 2179 beckii
235 2146 415 2188 apparatu
437 2143 720 2188 locupletissimo
744 2155 803 2188 pe-

95 2189 161 2223 tivi
189 2188 401 2232 iisdemque,
435 2189 565 2232 quibus
598 2189 678 2234 ille,
711 2188 805 2223 notis

97 2234 240 2270 codices
257 2233 478 2279 significavi:

131 2362 149 2388 4
167 2361 296 2387 Bentleii
321 2361 358 2385 de
382 2360 576 2385 emendandis
595 2360 719 2391 Vergilii
745 2367 805 2384 car-

97 2397 228 2422 minibus
253 2396 364 2420 iudieia
382 2395 532 2419 Edmuudi
553 2394 692 2419 Hedickii
719 2401 807 2425 opera

98 2430 306 2462 cognovimus,
328 2429 377 2461 qui
397 2429 537 2453 editionis
557 2429 807 2454 Valkenierianae

98 2464 274 2497 (Amstelod.
300 2472 326 2489 a.
348 2462 426 2494 1646)
453 2463 604 2493 exemplar
629 2470 646 2487 a
670 2462 806 2487 Bentleio

99 2500 274 2529 correctum,
295 2497 373 2529 quod
391 2497 480 2522 hodie
500 2497 630 2521 Londini
649 2497 681 2521 in
706 2503 807 2521 museo

98 2533 273 2559 Britannico
293 2532 474 2561 adservatur,
497 2531 725 2562 diligentissime
744 2537 807 2561 per-

99 2568 245 2593 scrutatus
266 2568 310 2591 est
330 2567 359 2591 et
377 2573 452 2597 quae
471 2565 542 2590 iude
561 2565 758 2595 exscripserat
776 2565 806 2589 in

98 2602 316 2633 programmate
347 2600 493 2631 gymnasii
521 2598 807 2630 Quedlinburgensis

99 2642 179 2661 anno
193 2636 259 2661 1879
273 2635 351 2659 edito
372 2633 484 2665 publici
501 2633 574 2658 iuris
588 2634 667 2657 serit.
688 2633 806 2657 enotavi

99 2669 230 2695 Bentleii
255 2669 433 2699 sententias,
465 2668 516 2692 ubi
541 2668 686 2698 scriptura
710 2667 747 2691 ab
773 2674 807 2691 eo

99 2704 226 2738 probata
237 2710 299 2729 non
312 2704 356 2730 est
368 2702 399 2728 in
412 2702 468 2729 hoc
481 2702 633 2733 exemplar
646 2702 773 2733 recepta.

833 331 870 364 M
892 331 1005 365 codex
1022 330 1208 365 Mediceus

832 376 861 409 P
892 376 1003 410 codex
1020 376 1210 410 Palatinus

832 421 865 454 R
891 421 1003 455 codex
1019 421 1203 456 Romanus

833 466 865 501 V
889 466 1044 500 schedae
1076 467 1304 503 Veronenses
1340 467 1537 513 rescriptae

887 511 1096 556 Augusteus
1113 511 1251 547 Pertzii

889 558 1001 591 codex
1019 556 1208 591 Gudianus

832 613 853 635 a
888 602 1000 636 codex
1015 602 1209 636 Ber-nensis
1226 603 1292 637 172

833 646 854 680 b
888 647 999 681 codex
1016 647 1209 682 Beruensis
1230 649 1296 682 165

832 703 851 726 c
889 693 1000 726 codex
1017 692 1210 726 Bernensis
1229 693 1297 728 184

831 749 866 770 m
889 738 1000 771 codex
1017 737 1320 783 Minoi-augiensis

833 783 850 815 1
869 786 905 817 et
920 783 941 816 2
963 783 1121 816 numeris
1143 784 1189 817 ad
1213 784 1278 817 has
1301 786 1404 817 notas
1427 794 1538 829 supra

831 838 970 861 versum
985 828 1178 873 adscriptis
1192 829 1329 873 priores
1340 829 1538 874 scripturae

832 876 868 906 et
884 873 1123 907 correctiones
1142 874 1422 920 distinguuntur.

875 917 933 951 De
971 918 1171 952 rationibus
1208 919 1335 953 horum
1373 919 1537 954 codicum

831 963 1055 997 Ribbeckius
1079 964 1181 1008 (prol.
1200 976 1235 1009 p.
1253 965 1458 1009 265—362)
1481 975 1537 999 co-

831 1008 1032 1053 piosissime
1071 1013 1107 1043 et
1149 1009 1429 1054 prudentissime
1467 1010 1537 1044 dis-

831 1054 987 1098 putavit:
1012 1063 1231 1098 quamquam
1254 1055 1343 1089 iilud
1361 1055 1448 1089 mihi
1466 1065 1537 1089 non

831 1099 1024 1143 persuasit,
1059 1100 1103 1133 de
1133 1099 1290 1134 Medicei
1323 1101 1406 1134 libri
1435 1111 1538 1145 prae-

830 1144 975 1187 stantia,
1000 1155 1103 1188 quae,
1129 1145 1212 1179 dum
1237 1145 1377 1181 Nicolai
1396 1145 1537 1180 Heinsii

830 1193 866 1223 et
881 1189 924 1223 P.
943 1190 985 1223 F.
1005 1190 1175 1235 Fogginii
1195 1202 1305 1235 opera
1327 1191 1358 1224 is
1382 1191 1478 1225 solus
1496 1201 1538 1225 ex

829 1235 1081 1269 vetustissimis
1110 1236 1216 1280 plene
1249 1236 1414 1282 cognitus
1447 1240 1537 1279 erat,

830 1291 851 1314 a
882 1280 980 1314 nullo
1021 1281 1238 1315 addubitata
1270 1286 1339 1324 est,
1379 1281 1538 1317 Palatini

831 1325 1017 1370 scripturis
1052 1330 1219 1361 accurate
1249 1327 1356 1360 editis
1387 1327 1538 1362 multum

831 1371 1031 1405 detractum
1050 1382 1140 1405 esse.

873 1416 931 1450 De
966 1416 1130 1451 Serviani
1168 1417 1206 1450 in
1237 1416 1405 1451 Aeneida
1443 1427 1536 1451 corn-

830 1462 996 1496 mentarii
1036 1462 1221 1496 codicibus
1265 1462 1303 1496 in
1341 1463 1539 1507 exemplari

830 1518 908 1541 meo
942 1507 1077 1541 dictum
1111 1511 1179 1550 est,
1219 1507 1254 1541 in
1293 1508 1466 1542 bucolicis
1503 1511 1540 1542 et

830 1553 1011 1598 georgicis
1034 1553 1073 1586 hi
1096 1556 1240 1598 praesto
1263 1553 1426 1587 fuerunt:
1455 1553 1486 1587 L
1497 1564 1537 1587 e-

829 1599 1024 1632 movicen
1034 1597 1068 1632 si
1078 1610 1094 1631 s
1107 1609 1200 1632 saec.
1210 1598 1258 1641 X,
1272 1609 1367 1632 nune
1379 1598 1537 1633 Leiden-

831 1643 983 1686 sis,olim
992 1643 1090 1677 Petri
1103 1643 1284 1687 Danielis,
1302 1644 1538 1678 Parisinus

831 1689 918 1723 7959
956 1699 1050 1723 saec.
1086 1689 1254 1733 1X-X3
1294 1688 1538 1723 Vaticanus

830 1735 917 1769 3317
935 1745 1029 1768 saec.
1047 1734 1095 1778 X,
1122 1734 1237 1768 Servii
1261 1737 1296 1768 et
1313 1734 1539 1780 Philargyrii

830 1780 866 1814 in
889 1779 1140 1825 georgicorum
1164 1780 1274 1813 libros
1297 1779 1434 1814 scholia
1456 1791 1537 1814 con-

830 1825 964 1867 tinens3
1008 1825 1277 1871 Reginensis
1317 1825 1404 1859 1495
1442 1835 1536 1860 saec.

830 1871 987 1914 X-XI3
1011 1870 1364 1914 Hamburgensis
1384 1871 1427 1905 52
1445 1881 1538 1905 saec.

830 1916 903 1958 X13
923 1915 1205 1950 Monacensis
1222 1916 1312 1949 6394
1328 1926 1422 1951 saec.
1438 1915 1505 1950 XI.

875 1961 918 1995 In
948 1961 1206 2006 orthographia
1229 1960 1296 1994 etsi
1325 1961 1537 2006 plerumque

833 2006 989 2041 Medicei
1020 2006 1104 2040 libri
1135 2005 1291 2051 vestigia
1329 2006 1462 2050 pressi,
1500 2006 1539 2040 in

832 2051 1028 2097 exemplari
1045 2055 1166 2085 tamen
1184 2051 1442 2096 discipulorum
1457 2051 1539 2086 usui

832 2097 984 2132 maxime
999 2097 1177 2131 destinato
1191 2096 1332 2142 vulgari
1350 2100 1538 2131 consuetu-

833 2143 907 2176 dini
944 2153 1015 2176 non
1054 2143 1153 2176 nulla
1190 2142 1423 2176 concedenda
1461 2152 1539 2177 csse

833 2188 967 2233 putavi.
1013 2187 1051 2221 in
1089 2187 1346 2232 distinguenda
1377 2187 1540 2222 oratione

834 2244 955 2267 eorum
983 2233 1141 2267 rationes
1169 2236 1312 2266 secutus
1336 2243 1432 2277 sum,
1461 2232 1538 2278 qui-

834 2279 899 2313 bus
929 2278 1127 2313 cavendum
1156 2288 1233 2312 esse
1261 2277 1377 2311 visum
1400 2280 1465 2322 est,
1494 2288 1539 2312 nc

834 2324 944 2358 nimia
970 2323 1259 2369 interpunctione
1282 2323 1446 2368 legentes
1477 2323 1539 2358 ob-

834 2372 1031 2404 ruerentur.

898 2460 979 2494 bue.
1009 2460 1028 2494 1
1062 2459 1105 2494 59
1145 2461 1276 2493 aethere
1308 2458 1420 2504 verg.
1456 2457 1541 2492 fibri
1576 2440 1585 2448 ”
1632 2446 1633 2450 ’

834 2509 961 2550 (praet.
987 2505 1114 2540 Moret.
1134 2504 1212 2549 IV),
1243 2503 1399 2548 Servius,
1427 2503 1541 2538 Probi

834 2562 910 2595 ars,
943 2550 1171 2593 Priscianus,
1206 2549 1318 2584 Probi
1350 2551 1538 2584 comment.

835 2599 881 2641 (p.
906 2596 944 2640 5,
969 2596 1012 2630 13
1034 2595 1096 2639 K.)
1122 2595 1224 2629 codd.
1250 2595 1346 2629 Mon.
1363 2594 1480 2628 Paris.
1505 2596 1541 2628 et

836 2642 889 2675 ed.
901 2642 1077 2687 princ.,ut
1090 2641 1186 2674 idem
1199 2641 1235 2674 in
1245 2640 1414 2674 Bobicnsi
1429 2638 1540 2674 fuisse

834 2687 1015 2722 videatur:
1040 2698 1187 2732 aequm-e
1215 2686 1327 2721 Probi
1353 2687 1540 2720 comment.
