1628 2847
200 184 281 227 296
612 194 654 230 P.
675 194 885 231 VERGILI
910 194 1133 232 MARONIS

107 309 173 341 810
199 302 301 353 ‘quo
327 299 523 340 moriture
548 298 634 340 ruis
659 299 898 354 maioraque
923 299 1079 341 viribus
1105 300 1259 341 audes?

198 361 305 402 fallit
328 369 368 404 te
392 362 604 403 incautum
629 362 760 417 pietas
786 362 884 403 tua.’
933 377 1010 403 nec
1035 362 1171 403 minus
1196 362 1265 404 ille

198 424 356 465 exultat
381 424 564 472 demens,
590 438 739 466 saevae
763 424 929 478 iamque
954 424 1077 465 altius
1100 424 1186 465 irae

196 485 412 527 Dardanio
438 492 617 540 surgunt
641 486 815 536 ductori,
842 493 1109 540 extremaque
1134 486 1278 526 Lauso

195 563 345 603 parcae
368 548 438 588 fila
462 548 627 602 legunt:
654 548 839 589 validum
863 562 1044 601 namque
1071 548 1200 603 exigit
1225 562 1364 589 ensem

106 621 170 652 815
196 625 271 665 per
295 610 480 651 medium
504 610 673 652 Aeneas
697 610 892 652 iuvenem
919 618 1133 664 totumque
1157 610 1354 651 recondit.

197 672 341 714 transit
366 679 407 713 et
430 687 617 727 parmam
642 687 799 722 mucro,
824 673 933 714 levia
957 688 1072 713 arma
1095 672 1282 721 minacis,

196 742 237 776 et
261 734 457 784 tunicam,
483 734 596 776 molli
622 742 752 777 mater
776 749 901 789 quam
926 742 1098 776 neverat
1122 749 1236 783 auro,

195 797 465 852 implevitque
491 796 626 838 sinum
652 798 839 852 sanguis3
866 804 954 837 tum
979 797 1063 838 vita
1087 811 1162 852 per
1186 811 1308 837 auras

197 859 401 901 concessit
425 865 583 900 maesta
608 859 660 900 ad
686 859 817 900 manis
844 873 1075 914 corpusque
1099 858 1276 912 reliquit.

106 933 172 963 820
197 929 238 962 at
262 936 360 963 vero
384 928 431 961 ut
455 921 616 962 vultum
641 921 743 962 vidit
767 921 978 962 morientis
1004 928 1045 962 et
1070 935 1155 970 ora,

196 998 269 1025 ora
292 983 425 1024 modis
450 983 728 1025 Anchisiades
752 983 951 1038 pallentia
975 983 1102 1032 miris,

196 1046 400 1101 ingemuit
424 1045 626 1087 miserans
651 1046 833 1100 graviter
859 1046 1131 1098 dextramque
1157 1044 1330 1086 tetendit

196 1115 238 1150 et
260 1115 441 1149 mentem
466 1108 624 1162 patriae
649 1108 813 1149 strinxit
837 1108 1002 1163 pietatis
1027 1108 1179 1163 imago.

197 1170 317 1225 ‘quid
341 1170 417 1211 tibi
441 1185 564 1219 nunc,
589 1170 823 1211 miserande
849 1185 966 1225 puer,
991 1184 1065 1225 pro
1090 1169 1283 1210 laudibus
1308 1168 1410 1217 istis,

106 1245 170 1276 825
196 1233 298 1287 quid
322 1232 414 1288 pius
439 1234 607 1274 Aeneas
633 1239 749 1274 tanta
774 1232 888 1273 dabit
914 1233 1052 1274 indole
1077 1232 1275 1287 dignum?

197 1311 324 1344 arma,
350 1295 501 1349 quibus
527 1296 717 1345 laetatus,
743 1295 852 1336 habe
876 1301 960 1345 tua,
987 1301 1109 1349 teque
1135 1301 1355 1349 parentum

196 1357 390 1398 manibus
415 1364 455 1399 et
479 1357 618 1404 cineri,
645 1357 764 1411 siqua
788 1364 852 1399 est
876 1373 925 1399 ea
950 1372 1061 1406 cura,
1086 1357 1262 1399 remitto.

197 1421 276 1461 hoc
301 1426 440 1461 tamen
465 1419 610 1461 infelix
635 1420 827 1461 miseram
853 1419 1040 1462 solabere
1065 1426 1258 1461 mortem:

197 1483 369 1524 Aeneae
395 1482 536 1537 magni
562 1482 708 1523 dextra
732 1482 871 1524 cadis.’
919 1483 1106 1537 increpat
1128 1483 1236 1523 ultro

107 1557 172 1588 830
198 1544 429 1586 cunctantis
455 1544 586 1585 socios
611 1551 653 1586 et
677 1551 785 1586 terra
810 1544 1001 1586 sublevat
1023 1545 1175 1600 ipsum,

198 1607 402 1662 sanguine
427 1613 664 1662 turpantem
690 1615 876 1662 comptos
902 1607 953 1649 de
978 1613 1110 1649 morte
1136 1606 1319 1661 capillos.

253 1670 418 1710 Interea
443 1669 606 1724 genitor
629 1669 817 1711 Tiberini
842 1670 895 1711 ad
919 1670 1100 1710 fluminis
1125 1669 1281 1709 undam

198 1733 372 1774 vulnera
397 1731 579 1772 siccabat
602 1731 783 1786 lymphis
809 1747 1041 1786 corpusque
1066 1731 1232 1773 levabat

199 1794 356 1836 arboris
383 1793 554 1835 adclinis
579 1801 738 1835 trunco.
786 1795 930 1849 procul
956 1809 1078 1835 aerea
1101 1793 1226 1834 ramis

109 1870 173 1901 835
198 1856 406 1911 dependet
431 1857 550 1911 galea
576 1864 614 1898 et
639 1864 757 1912 prato
782 1856 927 1911 gravia
951 1871 1065 1897 arma
1089 1856 1319 1909 quiescunt.

199 1925 310 1961 stant
332 1919 427 1960 lecti
453 1919 607 1960 circum
632 1918 821 1960 iuvenes:
848 1919 936 1973 ipse
960 1934 1098 1973 aeger,
1123 1918 1321 1959 anhelans

201 1981 307 2023 colla
330 1981 457 2030 fovet,
482 1981 601 2022 fusus
626 1996 855 2037 propexam
878 1981 919 2021 in
944 1988 1110 2036 pectore
1134 1980 1326 2028 barbam3

200 2044 331 2085 multa
355 2058 480 2099 super
504 2043 646 2085 Lauso
672 2044 825 2099 rogitat
848 2045 1109 2097 multumque
1133 2042 1316 2091 remittit,

200 2106 272 2160 qui
295 2112 491 2148 revocent
514 2106 743 2160 maestique
768 2106 903 2148 ferant
926 2106 1122 2147 mandata
1145 2104 1340 2160 parentis.

112 2181 178 2211 840
204 2176 246 2209 at
271 2168 461 2209 Lausum
486 2168 586 2210 socii
612 2169 845 2210 exanimem
871 2183 995 2224 super
1019 2183 1134 2209 arma
1158 2167 1348 2209 ferebant

200 2231 358 2279 flentes,
383 2231 593 2285 ingentem
619 2238 744 2285 atque
769 2231 926 2286 ingenti
952 2231 1122 2272 vulnere
1147 2229 1315 2271 victum.

202 2292 402 2347 adgnovit
426 2293 549 2347 longe
574 2293 775 2348 gemitum
800 2308 1005 2348 praesaga
1029 2293 1127 2333 mali
1153 2307 1288 2333 mens:

202 2354 396 2396 canitiem
421 2356 551 2396 multo
577 2355 782 2397 deformat
805 2356 976 2410 pulvere
1001 2363 1042 2396 et
1067 2354 1210 2395 ambas

203 2417 256 2458 ad
281 2418 441 2459 caelum
466 2417 597 2459 tendit
622 2418 782 2472 palmas
808 2424 848 2459 et
871 2432 1043 2472 corpore
1067 2416 1265 2458 inhaeret.

111 2491 175 2523 845
201 2484 389 2521 ‘tantane
414 2495 479 2521 me
505 2480 637 2521 tenuit
661 2480 840 2528 vivendi,
864 2487 974 2528 nate,
1000 2480 1204 2534 voluptas,

201 2549 249 2583 ut
273 2556 346 2596 pro
372 2557 437 2583 me
463 2541 600 2583 hostili
624 2552 787 2597 paterer
812 2542 1032 2583 succedere
1056 2542 1240 2589 dextrae,

203 2619 325 2658 quem
352 2605 502 2659 genui?
527 2612 652 2646 tuane
677 2605 779 2646 haec
803 2604 965 2660 genitor
989 2619 1063 2659 per
1087 2605 1258 2644 vulnera
1282 2616 1435 2651 servor,

202 2674 334 2708 morte
359 2673 431 2707 tua
456 2665 624 2708 vivens?
650 2667 744 2717 heu,
768 2682 880 2708 nunc
904 2667 1054 2708 misero
1079 2666 1178 2707 mihi
1204 2666 1371 2706 demum
