1660 2847
581 139 835 177 AENEIDOS
858 140 952 177 LIB.
977 140 1062 178 VH.

152 245 323 301 adiungi
347 259 546 301 generum
570 244 674 285 miro
699 245 949 299 properabat
974 259 1134 295 amore3

151 308 224 349 sed
248 308 371 349 variis
395 313 586 362 portenta
610 307 734 347 deum
758 307 984 348 terroribus
1009 307 1187 348 obstant.

150 370 292 410 laurus
317 376 405 411 erat
427 369 524 410 tecti
548 368 685 409 medio
709 368 751 409 in
775 369 1057 423 penetralibus
1084 369 1190 418 altis,

151 446 267 473 sacra
291 445 452 472 comam
475 431 710 483 multosque
735 437 849 472 metu
874 437 1037 471 servata
1061 446 1136 485 per
1160 445 1303 479 annos,

151 507 276 546 quam
299 499 416 547 pater
438 493 663 541 inventam,
690 492 843 547 primas
869 507 964 533 cum
989 493 1184 535 conderet
1208 507 1337 542 arces,

111 583 118 589 -
150 555 239 609 ipse
262 554 474 596 ferebatur
495 554 670 595 Phoebo
696 569 880 595 sacrasse
905 554 1097 603 Latinus,

150 617 457 670 Laurentisque
482 617 535 657 ab
561 631 610 657 ea
634 631 786 658 nomen
809 616 996 671 posuisse
1022 617 1190 658 colonis.

150 679 272 719 huius
299 694 396 734 apes
423 694 630 719 summum
656 679 810 720 densae
835 679 1039 731 (mirabile
1065 679 1208 729 dictu),

151 741 323 782 stridore
348 741 507 796 ingenti
531 740 737 794 liquidum
761 748 875 781 trans
900 740 1068 782 aethera
1092 748 1249 790 vectae,

150 802 348 844 obsedere
373 803 534 857 apicem
558 809 598 843 et
621 802 797 858 pedibus
823 817 897 857 per
920 809 1067 843 mutua
1091 803 1208 843 nexis

150 879 326 905 examen
350 865 532 905 subitum
557 879 672 906 ramo
698 864 916 905 frondente
941 865 1152 919 pependit.

151 926 346 967 continuo
371 934 486 967 vates
513 931 752 968 ‘externum
777 926 1001 967 cernimus'
1026 926 1160 979 inquit

151 989 394 1029 ‘adventare
420 989 553 1029 virum
578 996 618 1030 et
642 989 770 1043 partis
796 995 936 1043 petere
961 1004 1113 1043 agmen
1138 989 1304 1030 easdem

149 1050 337 1104 partibus
363 1065 414 1092 ex
437 1050 567 1091 isdem
594 1057 635 1091 et
659 1065 821 1091 summa
846 1050 1094 1091 dominarier
1118 1051 1238 1092 arce.'

151 1120 376 1166 praeterea,
403 1113 525 1154 castis
551 1112 689 1153 adolet
713 1112 813 1153 dum
838 1113 982 1153 altaria
1007 1113 1137 1153 taedis

152 1182 192 1215 et
214 1175 330 1215 iuxta
353 1175 582 1229 genitorem
608 1174 745 1215 adstat
767 1174 948 1216 Lavinia
972 1175 1104 1229 virgo,

150 1237 239 1278 visa
263 1237 412 1290 (nefas)
437 1237 572 1292 longis
599 1238 895 1292 comprendere
920 1237 1102 1278 crinibus
1127 1237 1282 1292 ignem,

151 1306 276 1352 atque
300 1314 465 1341 omnem
490 1306 681 1340 ornatum
706 1300 873 1340 flamma
897 1300 1122 1354 crepitante
1149 1300 1323 1341 cremari

149 1362 383 1417 regalisque
409 1376 583 1403 accensa
607 1376 760 1409 comas,
787 1376 963 1403 accensa
987 1376 1180 1403 coronam

150 1423 357 1479 insignem
382 1425 571 1479 gemmis,
598 1432 685 1465 tum
711 1424 871 1465 fumida
895 1424 1051 1466 lumine
1075 1424 1191 1465 fulvo

150 1485 307 1527 involvi
331 1501 379 1527 ac
403 1487 498 1527 totis
523 1486 758 1528 Volcanum
783 1501 979 1541 spargere
1003 1487 1135 1528 tectis.

150 1548 193 1588 id
217 1563 315 1590 vero
340 1549 591 1590 horrendum
617 1563 665 1590 ac
690 1548 783 1589 visu
807 1549 995 1590 mirabile
1022 1549 1136 1590 ferri:

150 1625 331 1664 namque
355 1611 443 1652 fore
467 1611 682 1651 inlustrem
706 1610 820 1651 fama
843 1611 1022 1664 fatisque
1048 1611 1253 1652 canebant

151 1673 298 1728 ipsam,
324 1673 397 1714 sed
422 1673 575 1728 populo
600 1687 800 1727 magnum
825 1673 1071 1727 portendere
1098 1672 1265 1714 bellum.

152 1743 194 1777 at
217 1751 290 1776 rex
315 1734 512 1776 sollicitus
537 1734 730 1776 monstris
757 1735 924 1776 oracula
947 1735 1098 1783 Fauni,

152 1797 311 1838 fatidici
335 1796 545 1852 genitoris,
572 1797 658 1837 adit
681 1797 881 1850 lucosque
906 1797 984 1837 sub
1010 1797 1093 1838 alta

153 1859 331 1901 consulit
354 1859 562 1907 Albunea,
587 1873 803 1900 nemorum
829 1873 936 1912 quae
961 1859 1143 1899 maxima
1168 1873 1284 1900 sacro

152 1922 266 1963 fonte
292 1930 412 1962 sonat
435 1935 684 1974 saevamque
710 1921 877 1962 exhalat
902 1935 1033 1975 opaca
1057 1921 1284 1975 mephitim.

153 1984 249 2025 hinc
274 1983 404 2024 Italae
429 1990 574 2038 gentes
599 1983 814 2036 omnisque
841 1981 1043 2024 Oenotria
1067 1983 1188 2024 tellus

153 2046 196 2087 in
221 2045 356 2086 dubiis
379 2059 578 2100 responsa
602 2052 764 2099 petunt:
791 2045 872 2086 huc
898 2045 1007 2086 dona
1030 2045 1222 2086 sacerdos

155 2122 250 2149 cum
274 2108 368 2149 tulit
392 2115 432 2149 et
457 2122 672 2148 caesarum
696 2107 836 2148 ovium
861 2107 939 2148 sub
963 2114 1084 2148 nocte
1110 2108 1246 2148 silenti

155 2170 331 2225 pellibus
355 2170 544 2211 incubuit
569 2169 703 2211 stratis
728 2183 979 2223 somnosque
1003 2170 1162 2224 petivit,

155 2233 286 2274 multa
310 2233 443 2273 modis
469 2232 689 2273 simulacra
712 2232 826 2273 videt
850 2232 1064 2273 volitantia
1089 2232 1202 2273 miris

157 2301 198 2336 et
222 2294 355 2335 varias
381 2294 496 2335 audit
520 2309 641 2335 voces
666 2294 898 2347 fruiturque
923 2295 1096 2335 deorum

156 2356 375 2410 conloquio
400 2363 524 2410 atque
549 2356 641 2397 imis
666 2356 908 2398 Acheronta
931 2356 1099 2397 adfatur
1122 2356 1315 2398 Avernis

155 2418 223 2459 hic
247 2425 288 2459 et
311 2425 397 2459 tum
423 2427 541 2473 pater
564 2419 654 2473 ipse
679 2425 823 2473 petens
849 2433 1048 2473 responsa
1072 2418 1249 2459 Latinus

158 2487 324 2522 centum
348 2480 553 2535 lanigeras
579 2481 789 2522 mactabat
811 2480 887 2522 rite
911 2481 1091 2522 bidentis

157 2550 281 2596 atque
305 2542 453 2584 harum
477 2543 645 2585 effultus
670 2551 786 2599 tergo
812 2544 1032 2596 stratisque
1056 2543 1220 2584 iacebat

157 2605 397 2648 velleribus:
423 2605 560 2647 subita
584 2620 637 2647 ex
662 2606 743 2646 alto
766 2619 847 2648 vox
870 2605 1034 2647 reddita
1057 2605 1150 2646 luco
1176 2611 1255 2648 est:

1412 131 1495 174 215

1521 441 1563 471 60

1522 751 1563 781 65

1524 1064 1565 1093 70

1523 1374 1564 1405 75

1523 1685 1566 1715 80

1523 1995 1564 2026 85

1526 2309 1568 2340 90

1526 2618 1566 2647 95
