1628 2847
127 519 191 551 680

125 832 188 864 685

123 1145 188 1177 690

123 1457 186 1489 695

122 1771 186 1802 700

123 2085 185 2115 7Οὸ

123 2397 187 2428 710

218 146 303 190 316·
635 156 677 192 Ρ.
699 156 910 194 VERGILI
935 158 1160 196 MARoMs

217 267 400 314 quotque
427 261 577 302 emissa
602 276 729 303 manu
754 262 953 304 contorsit
977 263 1136 318 spicula
1159 263 1292 321 virgo,

217 330 278 364 tot
301 323 477 379 Phrygii
503 323 689 365 cecidere
713 325 803 365 viri.
853 326 997 379 procul
1023 323 1212 382 Ornytus
1238 327 1362 370 armis

216 385 369 440 ignotis
395 394 435 427 et
460 400 566 439 equo
592 393 764 428 venator
787 387 948 442 Iapyge
972 387 1117 438 fertur,

217 448 284 489 cui
308 449 427 503 pellis
452 449 557 490 latos
582 463 747 491 umeros
773 455 915 504 erepta
939 449 1116 493 iuvenco

215 511 439 566 pugnatori
463 510 609 566 operit,
636 518 761 566 caput
784 511 932 567 ingens
958 512 1038 553 oris
1064 512 1200 555 hiatus

217 580 257 614 et
282 574 417 615 malae
442 579 583 615 texere
607 573 695 629 lupi
720 588 816 615 cum
842 574 1035 615 dentibus
1060 575 1178 625 albis,

216 636 476 690 agrestisque
500 651 649 677 manus
675 643 808 677 armat
833 651 998 691 sparus;
1024 637 1113 692 ipse
1138 637 1313 680 catervis

215 697 389 739 vertitur
412 698 455 740 in
479 698 627 740 mediis
652 705 692 740 et
715 706 801 740 toto
826 699 980 740 vertice
1006 714 1132 754 supra
1156 707 1229 741 est.

215 759 326 803 hunc
350 760 422 802 illa
446 769 666 816 exceptum
697 763 849 815 (neque
875 761 985 803 enim
1009 762 1128 803 labor
1153 763 1318 818 agmine
1344 764 1482 818 verso)

215 822 348 863 traicit
373 830 414 864 et
438 838 563 878 super
586 823 690 865 haec
714 823 881 864 inimico
906 831 1073 878 pectore
1098 824 1227 865 fatur:

215 885 349 926 ‘silvis
374 891 427 935 te,
453 885 684 941 Tyrrhene‚
709 885 818 928 feras
845 886 1002 940 agitare
1028 886 1208 941 putasti?

213 948 382 990 advenit
407 948 478 1002 qui
503 956 641 990 vestra
666 948 754 990 dies
779 948 1052 990 muliebribus
1079 950 1204 990 armis

211 1011 340 1052 verba
364 1011 633 1066 redarguerit.
682 1026 834 1054 nomen
860 1018 999 1053 tamen
1024 1011 1136 1053 haud
1161 1012 1253 1054 leve
1277 1019 1442 1068 patrum

212 1074 405 1115 manibus
430 1074 509 1115 hoc
532 1075 701 1124 referes,
727 1074 809 1116 telo
835 1074 1034 1116 cecidisse
1061 1073 1293 1117 Camillae?

211 1136 398 1191 protinus
425 1135 695 1178 Orsilochum
720 1143 761 1178 et
785 1137 938 1186 Buten,
964 1137 1046 1178 duo
1071 1137 1254 1179 maxima
1278 1138 1490 1180 Teucrum

213 1213 403 1253 corpora:
430 1199 503 1240 sed
527 1200 666 1241 Buten
691 1214 885 1240 aversum
910 1199 1081 1254 cuspide
1105 1200 1195 1240 fixit

212 1260 382 1302 loricam
407 1261 656 1316 galeamque
680 1261 800 1311 inter,
825 1276 909 1315 qua
934 1262 1040 1303 colla
1064 1262 1244 1304 sedentis

211 1323 353 1364 lucent
377 1331 417 1365 et
439 1324 559 1366 laevo
585 1324 793 1379 dependet
816 1338 962 1379 parma
985 1324 1159 1373 lacerto3

213 1384 483 1427 Orsilochum
509 1386 674 1441 fugiens
698 1400 984 1441 magnumque
1010 1387 1167 1441 agitata
1191 1400 1266 1442 per
1289 1386 1431 1429 orbem

213 1448 344 1489 eludit
366 1463 472 1503 gyro
496 1449 667 1490 interior
692 1449 963 1503 sequiturque
988 1456 1245 1503 sequentem,

211 1517 299 1551 tum
326 1511 506 1552 validam
531 1526 689 1566 perque
715 1527 831 1553 arma
855 1511 943 1552 viro
968 1525 1124 1566 perque
1150 1526 1244 1553 ossa
1269 1512 1460 1563 securim,

212 1572 332 1614 altior
356 1588 577 1628 exurgens,
604 1573 737 1615 oranti
762 1580 803 1614 et
828 1573 958 1614 multa
982 1574 1169 1628 precanti

211 1636 493 1690 congeminat3
520 1635 671 1677 vulnus
697 1635 830 1678 calido
856 1635 965 1691 rigat
989 1650 1061 1677 ora
1086 1636 1269 1678 cerebro.

210 1696 355 1738 incidit
379 1697 477 1739 huic
501 1698 721 1751 subitoque
746 1704 917 1752 aspectu
942 1697 1108 1739 territus
1133 1697 1267 1739 haesit

210 1760 573 1815 Appenninicolae
600 1761 773 1802 bellator
798 1760 906 1801 filius
931 1759 1060 1809 Auni,

210 1822 323 1863 haud
348 1822 559 1877 Ligurum
585 1830 807 1871 extremus,
834 1822 934 1863 dum
958 1822 1103 1863 fallere
1126 1821 1214 1863 fata
1239 1822 1442 1866 sinebant.

210 1885 329 1939 isque
353 1885 426 1926 ubi
451 1900 494 1927 se
519 1885 633 1926 nullo
658 1885 740 1927 iam
767 1900 890 1926 cursu
916 1885 1092 1926 evadere
1117 1900 1284 1940 pugnae

209 1962 332 2002 posse
356 1962 491 2001 neque
516 1947 740 1989 instantem
764 1947 953 2002 reginam
977 1954 1162 1989 avertere
1187 1948 1329 1998 cernit,

211 2010 383 2051 consilio
408 2025 572 2052 versare
597 2010 715 2052 dolos
739 2010 951 2064 ingressus
977 2016 1019 2051 et
1043 2016 1134 2050 astu

211 2072 355 2127 incipit
379 2072 500 2114 haec:
528 2073 648 2126 ‘quid
673 2080 756 2114 tam
783 2072 1015 2128 egregium,
1042 2072 1075 2113 si
1101 2072 1256 2114 femina
1279 2072 1375 2115 forti

211 2135 303 2176 fidis
329 2136 461 2189 equo?
486 2135 646 2177 dimitte
671 2135 816 2189 fugam
843 2142 884 2176 et
907 2141 947 2177 te
972 2135 1203 2176 comminus
1229 2149 1364 2189 aequo

211 2212 377 2239 mecum
400 2197 521 2239 crede
546 2198 634 2238 solo
658 2211 909 2252 pugnaeque
934 2197 1105 2252 accinge
1130 2197 1330 2252 pedestri:

210 2260 295 2301 iam
319 2274 479 2308 nosces,
504 2267 676 2301 ventosa
700 2259 806 2301 ferat
831 2259 897 2300 cui
922 2259 1054 2314 gloria
1079 2259 1296 2301 fraudem?

212 2322 329 2371 dixit,
356 2328 397 2363 at
420 2322 491 2363 illa
516 2322 657 2364 furens
683 2322 851 2375 acrique
878 2335 1052 2363 accensa
1077 2321 1218 2363 dolore

212 2385 336 2426 tradit
359 2399 513 2437 equum
539 2384 678 2426 comiti
703 2384 957 2439 paribusque
982 2384 1135 2425 resistit
1158 2384 1201 2425 in
1225 2383 1363 2434 armis,

211 2462 310 2489 ense
336 2447 461 2501 pedes
486 2446 600 2488 nudo
626 2461 812 2502 puraque
836 2446 1022 2488 interrita
1046 2461 1203 2501 parma.

212 2516 254 2551 at
277 2509 452 2557 iuvenis,
479 2509 627 2551 vicisse
653 2509 748 2550 dolo
773 2515 902 2557 ratus,
928 2508 1067 2550 avolat
1090 2509 1178 2563 ipse

213 2571 343 2624 (haud
368 2573 500 2623 mora)
527 2571 820 2625 conversisque
845 2571 976 2625 fugax
1002 2570 1189 2612 aufertur
1212 2570 1385 2613 habenis

215 2633 614 2691 quadrupedemque
640 2633 767 2676 citum
792 2633 945 2675 ferrata
970 2633 1082 2675 calce
1107 2632 1267 2691 fatigat,
