1622 2847
235 159 292 202 82
650 170 694 217 Β.
714 169 925 207 vERc1L1
948 170 1173 209 MARoNIS

232 271 536 328 Oceanumque
560 280 721 329 patrem
744 289 884 317 rerum
907 276 1197 331 nymphasque
1222 292 1398 329 sorores,

231 343 397 377 centum
422 350 530 390 quae
555 337 692 386 silvas,
719 345 886 379 centum
911 352 1018 392 quae
1043 339 1215 381 flumina
1239 348 1418 383 servant.

229 405 292 439 ter
315 398 473 451 liquido
498 398 713 441 ardentem
737 399 921 455 perfudit
945 407 1111 443 nectare
1136 402 1324 452 Vestam,

229 467 291 502 ter
315 460 483 501 flamma
508 461 561 502 ad
586 476 795 502 summum
819 462 917 503 tecti
941 462 1129 504 subiecta
1152 464 1317 506 reluxit.

139 530 203 562 385
229 522 366 565 omine
392 537 474 577 quo
500 523 670 565 firmans
696 524 881 565 animum
907 523 965 566 sic
989 524 1133 580 incipit
1157 525 1267 580 ipsa:

228 589 309 627 ‘est
334 585 376 626 in
403 584 631 641 Carpathio
656 586 841 642 Neptuni
866 586 1033 642 gurgite
1058 594 1190 637 vates,

228 648 443 690 caeruleus
467 648 659 697 Proteus,
683 663 885 704 magnum
909 649 981 702 qui
1006 649 1189 704 piscibus
1214 664 1371 704 aequor

227 718 267 752 et
290 710 431 752 iuncto
456 710 656 766 bipedum
682 725 805 753 curru
830 711 998 752 metitur
1022 726 1239 766 equorum.

227 773 294 814 hic
318 787 429 814 nunc
453 773 676 815 Emathiae
701 780 844 829 portus
870 773 1132 829 patriamque
1155 774 1298 816 revisit

137 843 202 875 390
225 835 448 884 Pallenen3
474 835 585 877 hunc
610 843 651 877 et
674 836 885 891 nymphae
910 844 1161 877 venerantur
1185 844 1226 878 et
1249 837 1341 892 ipsc

226 898 490 954 grandaevus
514 898 674 940 Nereus
683 914 693 947 3
718 898 834 939 novit
858 912 1040 952 namque
1064 899 1204 940 omnia
1228 906 1358 948 vates,

225 975 334 1015 quae
359 960 452 1009 sint,
477 974 585 1014 quae
610 961 777 1009 fuerint,
803 975 911 1014 quae
935 975 1033 1001 mox
1058 968 1234 1002 ventura
1257 962 1490 1010 trahantur3

225 1023 380 1078 quippe
404 1023 463 1065 ita
485 1023 684 1078 Neptuno
709 1023 844 1064 visum
870 1030 944 1072 est,
970 1023 1169 1065 immania
1193 1023 1312 1065 cuius

226 1093 414 1127 armenta
438 1092 479 1126 et
502 1086 634 1141 turpis
659 1086 792 1140 pascit
817 1085 895 1127 sub
920 1085 1087 1141 gurgite
1111 1085 1284 1141 phocas:

136 1159 200 1190 395
226 1148 292 1189 hic
316 1148 405 1198 tibi,
429 1154 540 1198 nate,
566 1148 680 1203 prius
705 1148 852 1190 vinclis
879 1147 1118 1203 capienduS‚
1144 1155 1191 1189 ut
1215 1163 1382 1191 omnem

226 1210 420 1266 expediat
444 1210 578 1251 morbi
604 1225 773 1251 causam
799 1217 1057 1264 eventusque
1083 1211 1295 1252 secundet.

223 1289 322 1315 nam
346 1273 434 1315 sine
457 1273 499 1314 vi
522 1287 607 1314 non
630 1273 716 1315 ulla
740 1273 855 1314 dabit
879 1280 1102 1328 praecepta
1126 1288 1262 1328 neque
1285 1273 1402 1315 illum

225 1336 382 1378 orando
406 1336 566 1385 flectes3
592 1335 677 1377 vim
703 1336 851 1377 duram
877 1343 917 1377 et
942 1335 1109 1377 vincula
1133 1343 1255 1391 capto

223 1399 347 1441 tende
356 1415 366 1449 3
393 1398 477 1440 doli
501 1398 658 1440 circum
682 1398 786 1440 haec
811 1398 980 1440 demum
1006 1398 1252 1454 frangentur
1275 1398 1434 1440 inanes.

133 1474 199 1506 400
223 1463 314 1517 ipsa
341 1476 420 1517 ego
445 1468 498 1511 te,
523 1461 681 1503 medios
708 1476 802 1502 cum
828 1462 890 1502 sol
915 1461 1151 1502 accenderit
1176 1468 1329 1510 aestus,

224 1539 319 1566 cum
344 1523 487 1565 sitiunt
510 1523 664 1565 herbae
690 1531 731 1564 et
754 1524 893 1579 pecori
919 1523 1002 1564 iam
1028 1523 1184 1577 gratior
1207 1523 1357 1565 umbra
1381 1530 1456 1573 est,

222 1587 265 1628 in
291 1593 448 1628 secreta
475 1586 585 1628 senis
611 1586 775 1635 ducam,
802 1600 884 1640 quo
910 1586 1044 1627 fessus
1071 1585 1124 1626 ab
1148 1585 1271 1627 undis

225 1664 268 1691 se
292 1649 450 1704 recipit,
476 1648 597 1690 facilc
622 1656 668 1689 ut
692 1663 837 1689 somno
863 1647 1109 1703 adgrediare
1134 1647 1350 1690 iacentem.

223 1727 368 1754 verum
392 1710 465 1752 ubi
491 1718 725 1766 correptum
750 1711 943 1752 manibus
969 1710 1200 1764 vinclisque
1225 1710 1399 1761 tenebis,

132 1786 197 1818 405
223 1782 312 1817 tum
336 1774 475 1816 variae
501 1774 670 1816 eludent
695 1774 854 1829 species
880 1781 1004 1827 atque
1029 1788 1102 1815 ora
1124 1773 1321 1815 ferarum.

222 1840 294 1881 fiet
318 1838 428 1880 enim
452 1837 590 1879 subito
617 1852 686 1878 sus
712 1837 902 1878 horridus
928 1844 1101 1891 atraque
1126 1837 1245 1892 tigris

224 1915 554 1956 squamosusque
579 1901 704 1942 draco
730 1908 770 1941 et
794 1900 910 1941 fulva
934 1899 1094 1942 cervice
1118 1899 1278 1950 leaena,

225 1973 296 2007 aut
320 1979 457 2006 acrem
483 1965 676 2005 flammae
703 1963 884 2005 sonitum
909 1963 1026 2004 dabit
1050 1969 1175 2017 atque
1200 1963 1258 2004 ita
1282 1962 1428 2005 vinclis

223 2028 399 2077 excidet,
425 2034 497 2068 aut
521 2027 564 2068 in
590 2041 720 2081 aquas
746 2026 881 2068 tenuis
908 2026 1092 2081 dilapsus
1119 2026 1264 2067 abibit.

132 2101 198 2132 410
224 2091 298 2133 sed
322 2097 477 2144 quanto
503 2090 572 2132 ille
597 2090 731 2145 magis
757 2089 911 2130 formas
938 2104 980 2130 se
1006 2095 1137 2130 vertet
1161 2088 1203 2129 in
1228 2088 1361 2130 omnis

223 2161 308 2196 tam
334 2161 392 2203 tu,
417 2160 526 2202 nate,
552 2153 686 2207 magis
712 2152 916 2194 contende
940 2151 1103 2193 tenacia
1128 2151 1277 2201 vincla,

224 2216 356 2258 donec
381 2216 473 2257 talis
499 2215 575 2257 erit
599 2222 758 2256 mutato
783 2229 967 2269 corpore,
993 2214 1159 2268 qualem

223 2278 390 2327 videris,
415 2278 580 2333 incepto
606 2284 765 2334 tegeret
790 2292 884 2319 cum
909 2277 1068 2318 lumina
1092 2275 1265 2317 somno.'

223 2342 327 2383 haec
353 2341 409 2381 ait
434 2348 472 2381 et
497 2340 702 2395 liquidum
727 2339 961 2381 ambrosiae
986 2339 1183 2380 diffundit
1207 2338 1390 2388 odorem,

134 2419 198 2449 415
224 2419 307 2459 quo
331 2411 464 2444 totum
489 2403 576 2444 nati
601 2417 751 2458 corpus
777 2402 990 2457 perduxit3
1018 2408 1058 2442 at
1083 2401 1142 2442 illi

225 2467 356 2509 duleis
382 2466 619 2521 compositis
646 2466 818 2520 spiravit
843 2465 1025 2506 crinibus
1051 2479 1152 2506 aura

225 2539 350 2583 atque
374 2529 522 2569 habilis
547 2528 743 2570 membris
769 2528 879 2569 venit
906 2527 1035 2582 vigor.
1086 2533 1147 2567 est
1172 2541 1322 2581 specus
1346 2526 1493 2582 ingens

226 2591 339 2634 exesi
363 2592 492 2633 latere
517 2591 558 2631 in
586 2590 748 2639 montis,
774 2604 857 2643 quo
881 2589 1060 2644 plurima
1085 2597 1208 2630 vento

227 2655 388 2710 cogitur
413 2653 539 2708 inque
565 2653 680 2695 sinus
706 2652 856 2694 scindit
883 2667 975 2694 sese
1000 2651 1114 2693 unda
1138 2651 1347 2701 reductos,
