1622 2847
178 144 231 190 16
591 153 636 189 Ρ.
654 151 866 190 VERGILI
889 151 1114 189 MARONIS

177 257 421 314 Pasiphaen
444 257 556 299 nivei
579 257 735 299 solatur
759 271 899 298 amore
923 256 1103 298 iuvenci.

179 321 246 370 ah,
273 321 390 376 virgo
414 320 572 368 infelix,
598 333 705 373 quae
729 326 769 361 te
794 318 1003 360 dementia
1027 318 1154 373 cepit!

179 383 397 425 Proetides
422 382 632 437 inplerunt
655 381 770 422 falsis
795 381 1023 435 mugitibus
1048 395 1189 435 agros:

180 452 222 486 at
245 460 329 486 non
354 452 439 485 tam
464 444 596 498 turpis
620 444 829 498 pecudum
853 451 993 485 tamen
1017 443 1102 483 ulla
1126 450 1269 484 secuta
1293 448 1356 485 est

113 517 156 548 50
180 507 439 555 concubitus,
466 506 656 559 quamvis
682 506 787 547 collo
812 505 1018 546 timuisset
1041 512 1223 546 aratrum

180 577 220 611 et
245 584 369 624 saepe
393 569 436 609 in
460 568 542 609 levi
566 568 794 622 quaesisset
820 582 974 609 cornua
998 567 1146 609 fronte.

179 632 245 681 ah,
271 632 390 686 virgo
416 630 574 679 infelix,
600 638 646 671 tu
671 645 783 671 nunc
807 630 850 670 in
874 630 1084 670 montibus
1109 644 1239 671 erras:

178 693 260 741 ille,
285 693 393 733 latus
418 692 586 733 niveum
612 692 725 733 molli
750 692 879 732 fultus
904 690 1142 746 hyacintho,

178 755 272 796 ilice
298 755 375 795 sub
399 755 521 809 nigra
545 754 738 808 pallentis
762 753 944 794 ruminat
968 753 1131 803 herbas,

113 828 153 858 55
180 825 251 858 aut
270 817 453 870 aliquam
471 816 514 857 in
533 831 686 870 magno
707 816 894 869 sequitur
909 830 1050 870 grege.
1077 815 1288 863 ‘claudite‚
1301 813 1526 869 nymphae,

179 879 383 921 Dictaeae
408 878 634 933 nymphae,
660 893 876 920 nemorum
902 878 985 918 iam
1010 878 1189 919 claudite
1215 877 1358 926 saltus,

181 942 301 995 siqua
325 942 431 982 forte
456 941 592 981 ferant
617 941 747 981 oeulis
773 955 863 981 sese
889 940 1013 980 obvia
1037 939 1186 980 nostris

180 1003 415 1046 errabunda
439 1003 558 1044 bovis
584 1003 760 1057 vestigia
769 1018 780 1051 3
805 1002 979 1043 forsitan
1003 1002 1120 1042 illum

181 1074 253 1107 aut
277 1066 407 1107 herba
431 1073 599 1120 captum
624 1065 745 1106 viridi
770 1071 842 1105 aut
866 1071 1052 1105 armenta
1075 1070 1265 1105 secutum

115 1143 158 1175 60
181 1129 411 1184 perducant
436 1128 599 1181 aliquae
624 1127 788 1168 stabula
814 1127 867 1167 ad
893 1125 1100 1181 Gortynia
1124 1124 1302 1167 vaccae?

182 1198 271 1232 tum
297 1191 406 1232 canit
430 1189 714 1244 Hesperidum
739 1189 929 1230 miratam
954 1189 1064 1230 mala
1088 1188 1287 1242 puellam3

182 1261 271 1295 tum
295 1252 655 1294 Phaethontiadas
680 1266 823 1292 musco
849 1251 1078 1292 circumdat
1103 1264 1268 1291 amarae

184 1315 347 1357 corticis
373 1322 497 1368 atque
523 1314 610 1354 solo
635 1328 829 1369 proceras
855 1313 976 1367 erigit
1000 1313 1129 1353 alnos.

183 1384 272 1419 turn
296 1377 419 1425 canit,
445 1383 650 1418 errantem
673 1376 883 1417 Permessi
908 1375 960 1416 ad
984 1374 1156 1416 flumina
1182 1372 1354 1416 Gallum

119 1452 159 1483 65
188 1441 332 1481 Aonas
357 1440 400 1480 in
425 1439 575 1479 montis
600 1446 647 1480 ut
673 1438 837 1479 duxerit
861 1453 944 1479 una
968 1452 1156 1478 sororum

183 1509 314 1557 utque
339 1501 428 1543 viro
453 1501 618 1542 Phoebi
643 1500 793 1541 chorus
819 1500 1097 1541 adsurrexerit
1121 1498 1272 1548 omnis3

184 1572 232 1606 ut
255 1565 390 1605 Linus
415 1563 518 1605 haec
542 1563 601 1604 illi
626 1563 766 1604 divino
792 1562 975 1604 carmine
1000 1569 1154 1617 pastor,

185 1627 356 1668 floribus
383 1633 506 1680 atque
532 1626 627 1680 apio
653 1625 775 1666 crinis
800 1632 970 1666 ornatus
995 1638 1150 1673 amaro,

188 1689 354 1731 dixerit:
382 1689 476 1729 ‘hos
501 1688 575 1729 tibi
600 1688 700 1729 dant
724 1688 920 1736 calamos,
946 1702 996 1729 en
1022 1687 1177 1741 accipe,
1202 1699 1360 1735 musae,

121 1765 163 1795 70
187 1753 375 1794 Ascraeo
401 1765 505 1804 quos
531 1758 627 1791 ante
652 1750 752 1798 seni,
777 1750 930 1803 quibus
955 1750 1023 1791 ille
1049 1749 1209 1790 solebat

189 1814 394 1856 cantando
419 1813 575 1868 rigidas
601 1813 806 1854 deducere
830 1812 1041 1853 montibus
1066 1826 1202 1853 ornos.

189 1877 252 1918 his
276 1877 350 1918 tibi
377 1875 537 1930 Grynei
561 1876 743 1917 nemoris
769 1875 929 1917 dicatur
954 1875 1083 1929 orig0‚

188 1939 335 1993 nequis
361 1938 412 1979 sit
436 1939 568 1988 lucus,
594 1953 677 1991 quo
702 1953 745 1979 se
770 1938 864 1993 plus
890 1938 1014 1978 iactet
1037 1936 1219 1992 Apollo?

189 2002 290 2056 quid
315 2002 474 2055 loquar,
500 2008 571 2042 aut
597 2000 783 2055 Scyllam
807 2000 912 2049 Nisi,
939 2015 1064 2053 quam
1090 1999 1202 2040 fama
1227 2004 1368 2040 secuta
1391 2003 1454 2040 est

125 2077 165 2107 75
192 2065 368 2106 candida
393 2064 647 2105 succinctam
671 2063 916 2104 latrantibus
942 2062 1114 2117 inguina
1138 2060 1332 2103 monstris

192 2126 410 2168 Dulichias
436 2141 609 2167 vexasse
633 2132 741 2167 rates
767 2132 806 2167 et
830 2125 996 2180 gurgite
1020 2124 1062 2165 in
1088 2124 1171 2165 alto

192 2189 261 2231 ah!
289 2188 454 2229 timidos
479 2195 627 2229 nautas
654 2187 825 2229 canibus
850 2188 1054 2228 lacerasse
1078 2185 1265 2234 marinis3

193 2258 263 2292 aut
288 2258 333 2291 ut
357 2258 536 2292 mutatos
561 2250 685 2291 Terei
709 2249 938 2291 narraverit
962 2256 1088 2298 artus,

144 2365 147 2368 ,
192 2328 295 2368 quas
319 2313 377 2353 illi
401 2313 636 2354 Philomela
660 2312 801 2368 dapes,
827 2326 934 2366 quae
958 2311 1068 2352 dona
1091 2309 1258 2365 pararit,

126 2389 168 2420 80
193 2390 275 2430 quo
301 2390 424 2416 cursu
450 2375 613 2417 deserta
636 2374 829 2430 petiverit
852 2381 894 2416 et
918 2374 1069 2428 quibus
1094 2379 1190 2414 ante

192 2437 337 2480 infelix
363 2453 439 2479 sua
463 2445 571 2479 tecta
596 2437 955 2493 supervolitaverit
980 2436 1078 2477 alis?

193 2501 331 2542 omnia
356 2515 463 2554 quae
488 2500 661 2542 Phoebo
686 2501 898 2554 quondam
922 2498 1147 2541 meditante
1172 2497 1319 2538 beatus

194 2562 323 2604 audiit
348 2562 529 2604 Eurotas
554 2563 756 2616 iussitque
782 2563 964 2604 ediscere
988 2561 1143 2609 laurus,

193 2625 261 2667 ille
286 2625 395 2666 canit
419 2626 579 2680 (pulsae
604 2624 789 2667 referunt
813 2625 867 2667 ad
891 2625 1025 2666 sidera
1048 2622 1207 2673 valles),

1609 699 1621 778 „2011
1610 647 1612 654 ’
