1622 2847
499 140 751 178 AENEIDOS
775 142 871 176 LIB.
896 141 925 176 I.

44 261 154 287 nunc
179 246 334 301 Amyci
359 261 501 287 casum
527 245 656 301 gemit
679 251 720 287 et
744 245 928 287 crudelia
952 260 1092 286 secum

43 308 130 349 fata
154 308 262 363 Lyci
287 308 520 361 fortemque
547 306 671 362 Gyan
695 307 930 361 fortemque
956 306 1222 350 Cloanthum.

98 371 157 411 Et
179 371 263 411 iam
286 370 378 411 finis
403 377 503 419 erat,
530 384 624 411 cum
650 370 840 425 Iuppiter
864 369 1030 411 aethere
1056 383 1218 411 summo

44 432 265 487 dispiciens
289 447 402 474 mare
426 432 652 474 velivolum
676 439 890 485 terrasque
914 431 1087 473 iacentis

42 494 245 548 litoraque
270 501 311 536 et
333 495 437 536 latos
462 495 652 550 populos,
680 494 738 536 sic
762 494 914 535 vertice
940 494 1044 535 caeli

43 556 225 597 constitit
249 563 290 597 et
314 556 477 610 Libyae
504 556 648 598 defixit
671 556 830 597 lumina
853 556 1006 610 regnis.

42 625 166 672 atque
190 618 307 659 illum
332 618 425 659 talis
450 618 673 660 iactantem
697 625 864 673 pectore
890 633 1011 659 curas

42 681 195 721 tristior
220 688 261 722 et
283 681 463 721 lacrimis
489 681 631 722 oculos
659 680 819 722 suffusa
843 680 1011 721 nitentis

42 743 277 795 adloquitur
300 743 460 785 Venus.
503 747 547 784 ‘o
571 743 644 797 qui
668 758 734 785 res
757 742 1056 796 hominumque
1082 742 1291 796 deumque

42 804 219 846 aeternis
243 804 353 860 regis
377 805 560 860 imperiis
584 811 627 846 et
649 805 824 847 fulmine
848 811 991 855 terres,

42 867 144 920 quid
168 882 285 908 meus
310 867 479 909 Aeneas
503 867 547 909 in
571 874 611 909 te
637 868 894 909 committere
919 874 1094 916 tantum,

41 929 144 982 quid
168 929 300 970 Troes
325 936 510 984 potuere,
536 929 690 984 quibus
715 937 776 972 tot
801 930 949 972 funera
972 929 1105 985 passis

41 999 214 1032 cunctus
241 992 294 1033 ob
318 992 482 1033 Italiam
508 1000 709 1034 terrarum
735 993 941 1034 clauditur
965 992 1104 1033 orbis?

43 1061 151 1095 certe
178 1054 273 1095 hinc
298 1054 509 1095 Romanos
535 1055 632 1095 olim
658 1055 921 1096 volventibus
947 1054 1080 1103 annis,

41 1116 137 1157 hinc
161 1117 249 1158 fore
275 1116 479 1167 ductores,
505 1124 698 1159 revocato
723 1133 748 1158 a
772 1118 976 1172 sanguine
1001 1115 1167 1165 Teucri,

42 1179 113 1232 qui
139 1194 264 1228 mare,
289 1179 361 1232 qui
386 1186 514 1220 terras
541 1179 653 1220 omni
679 1180 838 1221 dicione
864 1186 1064 1228 tenerent,

41 1241 260 1295 pollicitus,
287 1256 393 1295 quae
418 1248 471 1290 te,
497 1242 674 1296 genitor,
701 1241 906 1283 sententia
929 1241 1077 1283 vertit?

40 1303 120 1344 hoc
145 1303 337 1356 equidem
362 1318 557 1345 occasum
582 1304 733 1345 Troiae
758 1304 968 1357 tristisque
993 1303 1132 1344 ruinas

43 1366 219 1415 solabar,
246 1366 341 1406 fatis
367 1366 571 1407 contraria
595 1366 682 1407 fata
706 1367 956 1421 rependens:

41 1443 152 1469 nunc
177 1428 323 1469 eadem
349 1428 516 1469 fortuna
540 1429 649 1470 viros
674 1436 734 1470 tot
758 1429 924 1470 casibus
950 1435 1063 1470 actos

41 1491 283 1544 insequitur.
333 1505 457 1544 quem
484 1491 556 1532 das
581 1491 720 1541 finem,
745 1506 819 1532 rex
844 1506 1010 1546 magne,
1035 1489 1251 1531 laborum?

41 1554 233 1594 Antenor
256 1553 391 1608 potuit
414 1553 560 1595 mediis
586 1553 751 1608 elapsus
777 1553 953 1595 Achivis

40 1615 229 1670 Illyricos
258 1622 475 1670 penetrare
500 1615 613 1656 sinus
639 1623 763 1669 atque
788 1616 932 1657 intima
956 1622 1069 1656 tutus

41 1693 170 1733 regna
194 1677 479 1718 Liburnorum
504 1684 546 1719 et
569 1678 725 1720 fontem
752 1693 947 1733 superare
971 1676 1150 1726 Timavi,

41 1741 151 1781 unde
176 1755 250 1795 per
274 1754 347 1781 ora
370 1755 521 1781 novem
546 1748 663 1782 vasto
689 1755 783 1782 cum
809 1755 1021 1782 murmure
1046 1739 1197 1780 montis

40 1802 74 1843 it
97 1817 209 1843 mare
234 1809 479 1857 proruptum
504 1809 544 1844 et
567 1803 718 1858 pelago
743 1803 894 1858 premit
918 1818 1017 1843 arva
1042 1801 1217 1843 sonanti.

42 1864 109 1905 hic
133 1871 271 1905 tamen
298 1865 364 1906 ille
390 1865 537 1906 urbem
562 1865 712 1906 Patavi
737 1865 940 1919 sedesque
964 1865 1119 1906 locavit

42 1926 299 1968 Teucrorum
326 1934 364 1968 et
389 1927 503 1982 genti
527 1942 679 1969 nomen
705 1927 819 1969 dedit
843 1941 1040 1980 armaque
1065 1927 1156 1967 fixit

42 1988 181 2037 Troia,
205 2003 317 2030 nunc
341 1989 506 2043 placida
531 1997 768 2045 compostus
793 2004 896 2045 pace
921 1989 1116 2043 quiescit:

41 2065 130 2100 nos,
156 2058 227 2092 tua
251 2051 483 2105 progenies,
509 2052 613 2093 caeli
638 2052 788 2105 quibus
814 2051 962 2092 adnuis
988 2065 1139 2100 arcem,

41 2114 218 2154 navibus
244 2113 515 2164 (infanduml)
540 2114 700 2155 amissis
725 2113 847 2154 unius
873 2113 926 2154 ob
950 2113 1054 2154 iram

42 2176 254 2230 prodimur
279 2182 402 2229 atque
428 2176 543 2216 Italis
567 2176 691 2230 longe
716 2175 993 2230 disiungimur
1018 2175 1113 2216 oris.

44 2237 110 2278 hic
136 2237 298 2291 pietatis
323 2237 481 2278 honos?
506 2238 565 2279 sic
589 2252 663 2278 nos
689 2238 731 2278 in
757 2245 919 2293 sceptra
943 2237 1148 2292 reponis?'

102 2298 189 2340 Olli
214 2299 430 2340 subridens
455 2299 670 2340 hominum
696 2306 806 2340 sator
831 2307 955 2353 atque
981 2299 1154 2341 deorum

44 2362 175 2410 vultu,
201 2376 282 2415 quo
308 2362 469 2403 caelum
493 2369 842 2417 tempestatesque
868 2368 1043 2411 serenat,

46 2424 186 2465 oscula
210 2424 355 2465 libavit
378 2431 513 2474 natae,
540 2425 690 2466 dehinc
715 2424 814 2465 talia
838 2424 967 2465 fatur:

46 2490 187 2541 ‘parce
213 2493 337 2535 metu,
365 2484 592 2541 Cytherea:
620 2494 788 2527 manent
811 2487 969 2528 inmota
993 2494 1160 2527 tuorum

45 2547 132 2588 fata
156 2548 249 2597 tibi3
276 2562 417 2590 cernes
442 2549 588 2590 urbem
614 2557 653 2590 et
677 2549 880 2603 promissa
903 2548 1056 2589 Lavini

0 2629 1 2638 ¹
45 2610 208 2651 moenia
233 2610 532 2665 sublimemque
558 2612 664 2653 feres
691 2611 744 2651 ad
769 2610 904 2653 sidera
928 2610 1031 2652 caeli

1337 131 1391 172 95

1417 1434 1481 1466 240

1417 1747 1480 1778 245

1415 2058 1480 2089 250

1416 2370 1479 2401 255
