1628 2847
584 154 844 192 MORETVM.

41 259 236 302 traiectus
259 259 442 301 medium
467 265 606 314 sparto
631 259 704 300 sed
730 273 874 300 caseus
900 258 1043 300 orbem

42 328 83 362 et
106 328 224 363 vetus
250 321 435 363 adstricti
459 320 584 362 fascis
608 320 820 375 pendebat
843 320 995 361 anethi.

42 397 142 438 ergo
167 383 289 424 aliam
315 383 481 424 molitur
505 397 627 437 opem
652 382 730 423 sibi
754 381 951 437 providus
976 382 1110 423 heros.

97 446 257 486 Hortus
283 451 370 487 erat
393 444 558 485 iunctus
584 444 763 493 casulae,
788 458 913 497 quem
938 444 1094 486 vimina
1120 460 1255 500 pauca

42 513 81 547 et
107 507 265 548 calamo
290 506 476 548 rediviva
499 506 582 548 levi
606 506 798 547 munibat
822 505 1025 556 harundo,

42 568 219 623 exiguus
245 568 391 623 spatio,
417 568 541 609 variis
567 568 640 609 sed
664 567 810 609 fertilis
834 567 987 610 herbis.

41 630 99 671 nil
124 631 182 671 illi
205 630 333 679 derat,
360 631 472 684 quod
496 630 692 686 pauperis
717 629 847 684 exigit
869 645 990 679 usus3

41 692 249 733 interdum
278 693 462 748 locuples
487 708 511 734 a
537 707 719 747 paupere
743 692 864 747 plura
888 692 1069 747 petebat.

41 768 119 795 nec
143 762 333 809 sumptus
359 762 447 797 erat
468 755 571 795 illud
595 769 713 809 opus,
740 754 814 795 sed
838 754 978 796 recula
1003 768 1147 796 curae:

42 815 77 857 si
100 817 268 870 quando
292 832 472 858 vacuum
496 817 637 858 casula
661 817 880 872 pluviaeve
906 816 1105 858 tenebant

41 877 201 921 festave
225 880 310 929 lux,
335 880 370 920 si
393 880 498 921 forte
522 879 640 921 labor
665 878 855 920 cessabat
880 879 1019 927 aratri,

40 939 150 982 horti
174 956 278 997 opus
302 942 405 982 illud
429 949 528 984 erat.
576 941 712 983 varias
737 941 957 996 disponere
981 941 1144 996 plantas

40 1010 161 1045 norat
184 1011 226 1046 et
248 1004 434 1047 occultae
460 1004 716 1046 committere
741 1003 900 1045 semina
924 1010 1058 1045 terrae

42 1065 284 1120 vicinosque
309 1074 408 1122 apta
433 1081 532 1108 cura
557 1066 800 1108 submittere
824 1065 947 1107 rivos.

41 1126 109 1168 hic
133 1128 238 1177 olus,
263 1128 331 1169 hic
354 1129 436 1170 late
462 1129 685 1170 fundentes
710 1127 906 1170 bracchia
930 1128 1050 1170 betae

41 1188 329 1244 fecundusque
353 1206 500 1232 rumex
525 1191 771 1244 malvaeque
795 1190 1018 1245 inulaeque
1044 1190 1246 1242 virebant,

41 1250 108 1293 hic
132 1252 234 1294 siser
258 1261 298 1294 et
321 1268 473 1294 nomen
498 1253 623 1308 capiti
647 1252 842 1294 debentia
866 1267 1002 1308 porra,

46 1306 128 1363 [hic
154 1314 276 1356 etiam
301 1330 483 1357 nocuum
508 1315 632 1370 capiti
656 1315 926 1370 gelidumque
951 1313 1169 1370 papaver,]

40 1384 242 1431 grataque
265 1377 469 1418 nobilium
493 1377 658 1432 requies
683 1377 848 1419 lactuca
873 1377 1074 1426 ciborum,

42 1469 272 1481 .......
299 1440 528 1494 crescitque
552 1440 595 1481 in
620 1440 813 1481 acumina
837 1440 956 1481 radix

42 1508 83 1543 et
105 1502 244 1556 gravis
268 1502 310 1543 in
334 1502 465 1544 latum
491 1502 661 1544 dimissa
684 1503 901 1544 cucurbita
926 1510 1126 1544 ventrem.

41 1578 186 1606 verum
209 1564 276 1606 hie
301 1579 385 1606 non
409 1565 566 1606 domini
592 1565 701 1619 (quis
727 1565 837 1607 enim
864 1565 1112 1606 contractior
1135 1565 1260 1618 illo?),

41 1627 114 1668 sed
138 1627 281 1682 populi
305 1636 532 1682 proventus
558 1635 659 1677 erat,
685 1627 890 1682 nonisque
916 1627 1062 1669 diebus

41 1690 208 1730 venales
232 1704 375 1731 umero
399 1689 533 1731 fasces
557 1690 750 1745 portabat
773 1690 816 1731 in
840 1690 1006 1731 urbem:

40 1750 136 1792 inde
160 1751 331 1792 domum
355 1752 515 1793 cervice
539 1752 656 1801 levis,
681 1752 821 1807 gravis
846 1767 942 1793 aere
966 1751 1141 1801 redibat,

40 1813 111 1855 vix
135 1827 333 1867 umquam
358 1814 508 1855 urbani
532 1814 752 1856 comitatus
777 1828 913 1856 merce
938 1814 1114 1855 macelli.

42 1890 144 1931 cepa
167 1876 321 1918 rubens
347 1877 531 1930 sectique
556 1877 710 1918 famem
736 1877 877 1917 domat
903 1892 999 1917 area
1023 1876 1148 1931 porri,

42 1952 233 1992 quaeque
257 1938 427 1980 trahunt
450 1939 535 1980 acri
559 1939 699 1980 vultus
722 1939 926 1980 nasturtia
950 1953 1105 1988 morsu,

41 1999 254 2054 intibaque
282 2008 322 2042 et
345 2001 555 2043 Venerem
579 2016 780 2043 revocans
805 2016 931 2042 eruca
956 2008 1201 2043 morantem.

1307 140 1388 191 383

97 2063 208 2104 Tum
233 2077 399 2117 quoque
424 2063 505 2105 tale
531 2063 688 2117 aliquid
712 2063 918 2105 meditans
943 2063 1167 2106 intraverat
1194 2063 1372 2105 hortum.

42 2139 90 2166 ac
114 2126 294 2179 primum
318 2126 462 2167 leviter
487 2125 625 2180 digitis
651 2125 796 2167 tellure
820 2126 981 2167 refossa

42 2194 236 2240 quattuor
261 2187 401 2229 educit
425 2203 520 2229 cum
545 2186 687 2242 spissis
713 2187 809 2228 allia
833 2188 969 2237 fibris3

40 2249 137 2291 inde
161 2264 300 2291 comas
326 2250 409 2304 apii
433 2249 609 2305 graciles
633 2257 853 2303 rutamque
877 2250 1084 2304 rigentem

42 2311 157 2352 vellit
181 2319 222 2353 et
246 2311 399 2366 exiguo
425 2311 643 2353 coriandra
666 2312 885 2353 trementia
910 2312 992 2354 filo,

41 2373 145 2415 haec
169 2373 243 2415 ubi
267 2374 446 2429 collegit,
471 2374 629 2416 laetum
654 2374 842 2415 consedit
866 2374 918 2415 ad
942 2375 1083 2429 ignem

42 2442 85 2478 et
108 2436 218 2477 clara
241 2436 443 2478 famulam
467 2437 600 2491 poscit
625 2437 822 2477 mortaria
846 2452 962 2478 voce.

43 2498 207 2553 singula
231 2504 320 2539 tum
345 2499 528 2553 capitum
554 2498 712 2540 nodoso
738 2498 890 2540 cortice
914 2499 1044 2540 nudat

43 2568 85 2602 et
108 2560 279 2602 summis
305 2561 455 2615 spoliat
479 2561 601 2603 coriis
627 2568 947 2615 contemptaque
971 2561 1127 2616 passim

42 2622 202 2679 spargit
225 2623 339 2664 humi
365 2630 490 2678 atque
514 2622 652 2665 abicit.
697 2630 908 2664 servatum
935 2623 977 2664 in
1003 2622 1190 2679 germine
1214 2622 1392 2663 bulbum

1415 396 1456 426 60

1417 707 1458 736 65

1418 1019 1460 1048 70

1417 1329 1458 1359 75

1417 1642 1460 1672 80

1417 1952 1458 1983 85

1418 2262 1460 2293 90

1419 2571 1459 2601 95
