1622 2847
496 135 786 174 GEORGICON
809 137 905 172 LIB.
930 139 960 174 Ι.
1345 127 1399 170 39

58 255 179 283 arcus
204 247 244 285 et
268 256 290 283 e
314 247 436 296 pastu
461 240 664 283 decedens
690 241 855 297 agmine
879 254 1032 296 magno

59 318 277 345 corvorum
300 303 504 358 increpuit
528 303 665 345 densis
692 304 896 344 exercitus
922 303 1010 345 alis.

57 364 141 405 iam
165 365 304 407 variae
327 365 466 420 pelagi
491 365 678 406 volucres
705 372 744 406 et
767 379 874 419 quae
899 365 1005 405 Asia
1029 364 1185 406 circum

58 426 248 468 dulcibus
272 426 316 468 in
340 427 498 482 stagnis
522 427 724 468 rimantur
748 434 865 482 prata
892 425 1073 481 Caystri,

0 500 1 504 ’
57 490 245 531 certatim
268 489 406 545 largos
431 489 585 532 umeris
609 489 830 531 infundere
855 503 987 531 rores:

55 565 166 592 nunc
190 558 315 606 caput
341 552 549 594 obiectare
573 552 702 601 fretis,
728 566 839 593 nunc
864 559 1029 593 currere
1053 551 1097 592 in
1120 551 1254 592 undas

56 619 96 655 et
119 613 255 655 studio
278 614 488 656 incassum
512 614 654 656 videas
678 615 830 669 gestire
854 613 1034 655 lavandi.

55 683 144 717 tum
169 676 313 718 cornix
337 678 461 732 plena
484 677 669 732 pluviam
695 683 817 718 vocat
841 676 1032 731 improba
1056 689 1158 718 voce

55 744 96 780 et
120 738 207 779 sola
231 739 273 780 in
298 739 407 781 sicca
432 754 573 781 secum
599 738 800 795 spatiatur
824 738 992 780 harena.

53 815 105 842 ne
128 808 329 842 nocturna
353 801 522 855 quidem
546 808 762 857 carpentes
787 816 917 856 pensa
941 801 1105 856 puellae

53 863 264 905 nescivere
288 863 479 914 hiemem,
505 872 612 906 testa
637 879 732 905 cum
757 864 927 905 ardente
953 863 1140 904 viderent

55 925 275 967 scintillare
301 927 439 968 oleum
464 935 502 968 et
528 926 659 982 putris
685 941 950 968 concrescere
975 926 1142 979 fungos.

108 988 198 1029 Nec
224 989 358 1029 minus
385 1004 435 1030 ex
459 989 581 1030 imbri
607 989 713 1030 soles
739 996 780 1030 et
803 996 946 1043 aperta
971 1003 1118 1029 serena

52 1051 288 1105 prospicere
313 1058 352 1092 et
378 1052 498 1093 certis
523 1051 675 1106 poteris
701 1065 951 1106 cognoscere
977 1050 1125 1105 signis:

52 1128 150 1153 nam
174 1127 308 1167 neque
333 1122 421 1154 tum
446 1114 573 1155 stellis
600 1113 708 1154 acies
734 1113 913 1154 obtunsa
938 1113 1102 1154 videtur

52 1189 129 1216 nec
153 1175 289 1216 fratris
313 1176 438 1217 radiis
464 1176 645 1217 obnoxia
670 1190 839 1230 surgere
865 1175 1003 1223 Luna,

52 1237 191 1278 tenuia
214 1252 292 1279 nec
316 1238 434 1279 lanae
460 1253 533 1293 per
558 1239 719 1280 caelum
742 1238 895 1279 vellera
919 1237 1017 1278 ferri
1026 1253 1036 1286 3

51 1314 133 1340 non
159 1300 344 1355 tepidum
370 1301 422 1341 ad
447 1301 576 1341 solem
603 1301 751 1355 pinnas
776 1300 818 1340 in
842 1299 958 1340 litore
983 1299 1172 1354 pandunt

52 1361 225 1403 dilectae
250 1362 418 1404 Thetidi
444 1363 651 1417 alcyones,
677 1377 761 1403 non
787 1376 856 1403 ore
881 1362 1038 1403 solutos

50 1424 253 1465 immundi
276 1425 502 1467 meminere
528 1441 621 1467 sues
646 1425 799 1466 iactare
824 1425 1042 1479 maniplos.

51 1494 92 1527 at
115 1487 292 1528 nebulae
317 1488 450 1542 magis
475 1488 558 1528 ima
583 1494 730 1542 petunt
755 1501 986 1541 campoque
1011 1486 1274 1535 recumbunt,

51 1549 146 1590 solis
172 1556 212 1590 et
236 1564 430 1590 occasum
456 1565 626 1591 servans
652 1550 703 1591 de
729 1549 909 1591 culmine
935 1563 1097 1590 summo

50 1611 303 1665 nequiquam
327 1626 440 1653 seros
466 1620 631 1654 exercet
654 1620 806 1653 noctua
832 1619 990 1653 cantus.

51 1681 222 1728 apparet
246 1674 403 1727 liquido
430 1674 618 1715 sublimis
643 1674 686 1715 in
712 1689 805 1716 aere
830 1674 957 1715 Nisus

51 1744 91 1777 et
113 1750 187 1790 pro
211 1751 420 1791 purpureo
445 1751 601 1791 poenas
627 1737 698 1777 dat
724 1736 868 1791 Scylla
893 1736 1060 1791 capillo:

50 1812 312 1851 quacumque
337 1798 407 1839 illa
431 1799 564 1840 levem
589 1798 757 1853 fugiens
783 1806 895 1840 secat
920 1798 1088 1840 aethera
1112 1798 1263 1853 pinnis,

50 1874 145 1901 ecce
168 1860 373 1910 inimicus,
399 1868 530 1910 atrox,
557 1876 710 1916 magno
736 1861 908 1902 stridore
932 1876 1007 1915 per
1031 1876 1152 1901 auras

49 1922 278 1976 insequitur
301 1922 429 1964 Nisus
439 1940 449 1973 3
475 1938 556 1977 qua
581 1939 624 1965 se
650 1924 730 1965 fert
752 1924 880 1964 Nisus
906 1924 960 1964 ad
984 1939 1119 1971 auras,

49 1985 119 2026 illa
142 1984 276 2026 levem
300 1986 466 2041 fugiens
490 1986 641 2040 raptim
667 1993 780 2027 secat
805 1986 971 2027 aethera
995 1986 1144 2040 pinnis.

50 2054 139 2088 tum
161 2047 339 2101 liquidas
367 2048 480 2089 corvi
503 2063 646 2103 presso
672 2056 733 2089 ter
757 2056 925 2103 gutture
950 2063 1072 2089 voces

51 2116 121 2150 aut
145 2117 290 2162 quater
314 2110 586 2165 ingeminant,
613 2118 653 2152 et
678 2126 803 2166 saepe
829 2110 1036 2152 cubilibus
1062 2111 1154 2151 altis

49 2171 187 2213 nescio
212 2186 294 2226 qua
317 2180 481 2227 praeter
505 2173 671 2215 solitum
696 2173 916 2218 dulcedine
940 2173 1037 2214 laeti

50 2233 156 2275 inter
181 2249 224 2275 se
247 2234 290 2275 in
314 2235 423 2276 foliis
448 2236 684 2290 strepitant3
710 2236 825 2276 iuvat
849 2235 1053 2276 imbribus
1078 2236 1181 2277 actis

50 2296 290 2351 progeniem
314 2312 487 2351 parvam
512 2299 728 2352 dulcisque
753 2298 933 2339 revisere
957 2298 1095 2347 nidos3

50 2358 163 2399 haud
188 2358 379 2411 equidem
405 2360 541 2410 credo,
568 2360 665 2414 quia
690 2361 741 2401 sit
766 2360 962 2401 divinitus
986 2360 1067 2401 illis

51 2420 264 2475 ingenium
291 2428 361 2462 aut
385 2438 522 2464 rerum
547 2423 633 2464 sato
658 2422 880 2477 prudentia
903 2422 1052 2471 maior3

52 2497 196 2523 verum
220 2483 293 2523 ubi
316 2493 539 2540 tempestas
567 2493 606 2526 et
631 2485 734 2526 caeli
759 2485 923 2526 mobilis
948 2499 1069 2526 umor

52 2551 265 2586 mutavere
289 2546 377 2587 vias
402 2555 442 2588 et
466 2547 654 2602 Iuppiter
677 2547 828 2588 uvidus
854 2547 1003 2588 austris

55 2606 210 2657 denset,
236 2615 351 2650 erant
377 2623 483 2663 quae
508 2625 601 2651 rara
625 2609 762 2659 modo,
788 2617 840 2659 et,
866 2624 973 2664 quae
999 2610 1142 2659 densa,
1167 2610 1338 2660 relaxat,

1426 495 1489 527 385

1424 807 1488 839 390

1424 1119 1487 1150 395

1422 1432 1488 1464 400

1419 1744 1484 1775 405

1419 2057 1484 2087 410

1420 2369 1483 2398 415
