1628 2847
635 150 775 186 CIRIS.

35 255 106 297 illa.
130 262 267 298 autem
298 255 418 311 ‘quid
441 254 535 304 me,’
559 255 706 308 inquit,
733 255 791 295 ‘io
815 254 1034 303 nutricula,
1059 255 1251 309 torques?

35 318 135 371 quid
162 326 322 360 tantum
347 332 544 373 properas
569 324 729 358 nostros
754 317 918 358 novisse
942 317 1127 357 furores?

35 394 119 420 non
144 395 222 435 ego
247 387 443 422 consueto
468 379 711 420 mortalibus
736 393 833 419 uror
858 393 996 419 amore

34 456 112 483 nec
135 442 235 482 mihi
259 449 450 483 notorum
476 441 699 483 deflectunt
724 441 880 482 lumina
904 441 1043 481 vultus

34 518 111 544 nec
134 505 297 559 genitor
321 504 434 545 cordi
460 511 539 545 est:
566 505 672 545 ultro
699 517 880 557 namque
905 503 1067 544 odimus
1092 517 1248 544 omnes.

32 565 91 605 nil
115 573 227 607 amat
251 566 317 608 hic
342 566 518 615 animus,
544 567 696 614 nutrix,
723 565 834 619 quod
860 572 1020 620 oportet
1048 565 1189 615 amari,

32 627 74 667 in
100 642 182 681 quo
207 628 312 669 falsa
337 636 476 669 tamen
499 629 626 669 lateat
650 627 814 683 pietatis
839 627 991 681 imago,

33 690 106 730 sed
130 690 267 731 media
292 705 342 731 ex
368 691 455 731 acie
480 690 710 743 mediisque
735 704 786 730 ex
811 689 1011 731 hostibus.
1059 689 1142 731 heu
1165 689 1262 739 heu,

32 751 133 804 quid
158 752 292 794 dicam
317 767 452 807 quove
478 752 758 793 ausavmalum
782 751 862 793 hoc
887 752 1078 794 exordiar
1102 753 1197 794 ore?

34 813 168 854 dicam
195 815 401 868 equidem,
427 814 622 869 quoniam
646 821 691 855 tu
715 829 781 856 me
805 829 889 855 non
915 815 1062 863 dicere,
1092 814 1244 863 nutrix,

30 889 114 916 non
139 876 256 918 sinis:
283 883 511 918 extremum
534 876 614 917 hoc
638 892 789 917 munus
814 876 1024 917 morientis
1049 876 1214 918 habeto.

30 938 99 979 ille
125 939 289 991 (vides),
314 939 465 979 nostris
491 939 562 992 qui
587 938 804 980 moenibus
830 938 992 979 adsidet
1016 938 1158 988 hostis,

32 1014 156 1053 quem
181 1007 298 1055 pater
320 1001 410 1055 ipse
435 1001 560 1041 deum
584 1001 735 1056 sceptri
761 1001 930 1041 donavit
954 1001 1123 1050 honore,

31 1063 97 1102 cui
123 1077 272 1117 parcae
297 1063 479 1105 tribuere
503 1078 580 1105 nec
604 1063 688 1104 ullo
714 1063 885 1104 vulnere
909 1063 1019 1104 laedi

32 1123 271 1175 (dicendum
297 1132 370 1173 est,
396 1125 550 1166 frustra
576 1125 863 1167 circumvehor
887 1125 1026 1167 omnia
1051 1125 1219 1178 verbis),

29 1186 98 1227 ille
122 1202 228 1236 mea,
253 1187 320 1228 ille
345 1188 456 1229 idem
481 1196 697 1243 oppugnat
721 1188 963 1243 praecordia
986 1188 1141 1229 Minos

29 1249 143 1303 quod
168 1264 241 1304 per
264 1257 303 1291 te
329 1250 472 1291 divum
498 1250 664 1292 crebros
689 1258 889 1292 testamur
913 1266 1074 1292 amores

29 1326 186 1367 perque
211 1319 330 1353 tuum
354 1313 526 1354 memori
551 1320 741 1355 sanctum
765 1314 867 1354 mihi
891 1321 1037 1369 pectus
1063 1314 1267 1363 alumnae,

29 1382 75 1415 ut
99 1389 178 1424 me,
205 1375 238 1416 si
263 1390 427 1417 servare
452 1384 581 1431 potes,
607 1391 658 1418 ne
684 1376 857 1431 perdere
882 1377 1020 1425 malis3

30 1436 94 1477 sin
118 1445 257 1479 autem
282 1445 447 1492 optatae
472 1453 566 1493 spes
592 1446 654 1480 est
676 1439 807 1480 incisa
832 1439 989 1488 salutis,

28 1514 80 1541 ne
105 1499 218 1549 mihi,
243 1515 370 1554 quam
394 1502 540 1549 merui,
566 1501 765 1549 invideas,
791 1502 1012 1550 nutricula,
1038 1508 1227 1542 mortem.

28 1577 126 1603 nam
150 1562 229 1603 nisi
254 1570 293 1604 te
318 1563 437 1604 nobis
462 1563 610 1611 malus,
637 1578 660 1603 o
686 1564 833 1611 malus,
860 1563 1015 1618 optima
1041 1562 1207 1611 Carme,

29 1631 124 1666 ante
149 1625 190 1665 in
216 1632 483 1679 conspectum
510 1640 684 1666 casusve
710 1625 865 1667 deusve
890 1626 1064 1674 tulisset,

29 1695 100 1728 aut
124 1687 233 1728 ferro
258 1687 354 1729 hoc'
381 1688 528 1742 (aperit
555 1688 709 1728 ferrum
736 1688 848 1741 quod
873 1695 987 1729 veste
1012 1688 1185 1740 latebat)

28 1753 304 1804 ‘purpureum
328 1750 455 1804 patris
482 1750 756 1804 dempsissem
781 1750 934 1791 vertice
960 1750 1129 1799 crinem,

29 1820 101 1853 aut
125 1812 224 1852 mihi
248 1812 455 1866 praesenti
479 1812 732 1867 peperissem
758 1813 929 1854 vulnere
953 1813 1108 1854 letum.'

84 1876 169 1917 Vix
195 1875 296 1916 haec
321 1875 519 1923 ediderat,
547 1890 640 1916 cum
668 1875 784 1917 clade
811 1876 1006 1917 exterrita
1030 1875 1135 1917 tristi

27 1937 196 1979 incanos
222 1937 351 1977 multo
376 1936 569 1992 deturpat
594 1937 764 1992 pulvere
790 1938 922 1979 crines

29 2008 70 2041 et
93 2000 275 2055 graviter
299 2006 450 2053 questu
476 1998 628 2040 Carme
654 2000 867 2054 conplorat
893 2000 1009 2041 anili:

29 2067 73 2104 ‘o
98 2062 199 2103 mihi
223 2076 334 2103 nunc
357 2062 506 2104 iterum
533 2062 710 2103 crudelis
736 2062 895 2103 reddite
921 2063 1076 2112 Minos,

29 2140 53 2166 o
78 2125 229 2166 iterum
252 2131 419 2165 nostrae
443 2124 584 2165 Minos
610 2124 775 2165 inimice
800 2132 1005 2172 senectae,

29 2202 192 2242 semper
216 2194 263 2228 ut
287 2194 360 2227 aut
384 2187 482 2227 olim
506 2193 628 2228 natae
653 2194 694 2228 te
718 2194 886 2242 propter
911 2187 1089 2228 eundem

28 2257 101 2291 aut
124 2263 239 2290 amor
262 2248 433 2289 insanae
456 2249 614 2290 luctum
639 2256 825 2303 portaret
849 2249 1059 2290 alumnae!

28 2320 123 2354 tene
148 2326 226 2367 ego
251 2318 335 2352 tam
359 2311 484 2366 longe
510 2318 631 2366 capta
656 2319 780 2365 atque
805 2319 953 2353 avecta
976 2311 1160 2365 nequivi,

29 2382 114 2416 tam
139 2389 266 2429 grave
291 2374 518 2422 servitium,
543 2381 627 2414 tam
654 2374 778 2415 duros
803 2389 926 2429 passa
950 2375 1126 2423 labores,

30 2437 229 2492 effugere,
254 2443 300 2476 ut
324 2436 465 2476 sistam
491 2435 662 2477 exitium
688 2436 852 2478 crudele
876 2438 1087 2478 meorum?

28 2500 112 2540 iam
136 2499 219 2539 iam
243 2512 319 2539 nec
344 2498 462 2539 nobis
488 2512 620 2551 aequo
646 2498 876 2539 senioribus
902 2499 1032 2539 ullum

29 2562 168 2603 vivere
192 2561 253 2601 uti
277 2560 440 2614 cupiam
466 2560 567 2601 vivit
590 2575 736 2615 genus.
786 2560 828 2601 a!
855 2560 954 2614 quid
980 2575 1058 2615 ego
1084 2576 1226 2602 amens

29 2631 70 2667 te
95 2631 248 2680 erepta,
274 2638 298 2665 o
323 2623 577 2674 Britomarti,
603 2624 683 2666 mei
709 2639 802 2681 spes
828 2639 911 2666 una
937 2625 1157 2681 sepulchri,

1295 142 1377 184 373

1406 451 1470 480 260

1403 762 1466 793 265

1406 1074 1470 1105 270

1404 1388 1422 1417 Ν.)

1429 1389 1444 1417 κ1

1449 1397 1468 1417 0
1452 1387 1465 1393 ι

1403 1699 1468 1730 280

1403 2011 1465 2042 285

1401 2323 1465 2352 290

1399 2635 1462 2667 295
