<?xml version="1.0" encoding="UTF-8"?>
<!DOCTYPE html PUBLIC "-//W3C//DTD XHTML 1.0 Transitional//EN"
    "http://www.w3.org/TR/xhtml1/DTD/xhtml1-transitional.dtd">
<html xmlns="http://www.w3.org/1999/xhtml" xml:lang="en" lang="en">
 <head>
  <title>
</title>
<meta http-equiv="Content-Type" content="text/html;charset=utf-8" />
  <meta name='ocr-system' content='tesseract 3.04.00' />
  <meta name='ocr-capabilities' content='ocr_page ocr_carea ocr_par ocr_line ocrx_word'/>
</head>
<body>
  <div class='ocr_page' id='page_1' title='image "./carmina00virguoft_0296.png"; bbox 0 0 1660 2847; ppageno 0'>
   <div class='ocr_carea' id='block_1_1' title="bbox 151 145 1090 189">
    <p class='ocr_par' dir='ltr' id='par_1_1' title="bbox 151 145 1090 189">
     <span class='ocr_line' id='line_1_1' title="bbox 151 145 1090 189; baseline 0.001 -2"><span class='ocrx_word' id='word_1_1' title='bbox 151 145 233 187; x_wconf 78' lang='lat'>232</span> <span class='ocrx_word' id='word_1_2' title='bbox 566 155 608 189; x_wconf 90' lang='lat' dir='ltr'>P.</span> <span class='ocrx_word' id='word_1_3' title='bbox 631 152 840 189; x_wconf 81' lang='lat' dir='ltr'>VERGlLI</span> <span class='ocrx_word' id='word_1_4' title='bbox 865 153 1043 189; x_wconf 86' lang='lat' dir='ltr'>MARON</span> <span class='ocrx_word' id='word_1_5' title='bbox 1046 152 1090 188; x_wconf 88' lang='lat' dir='ltr'>IS</span> 
     </span>
    </p>
   </div>
   <div class='ocr_carea' id='block_1_2' title="bbox 60 257 1498 2680">
    <p class='ocr_par' dir='ltr' id='par_1_2' title="bbox 62 257 1267 436">
     <span class='ocr_line' id='line_1_2' title="bbox 62 257 1158 300; baseline -0.001 0"><span class='ocrx_word' id='word_1_6' title='bbox 62 269 125 300; x_wconf 83' lang='lat'>720</span> <span class='ocrx_word' id='word_1_7' title='bbox 150 259 215 300; x_wconf 89' lang='lat' dir='ltr'>vel</span> <span class='ocrx_word' id='word_1_8' title='bbox 240 272 333 299; x_wconf 90' lang='lat' dir='ltr'>cum</span> <span class='ocrx_word' id='word_1_9' title='bbox 360 258 445 299; x_wconf 88' lang='lat' dir='ltr'>sole</span> <span class='ocrx_word' id='word_1_10' title='bbox 469 271 577 298; x_wconf 87' lang='lat' dir='ltr'>novo</span> <span class='ocrx_word' id='word_1_11' title='bbox 603 257 756 299; x_wconf 83' lang='lat' dir='ltr'>densae</span> <span class='ocrx_word' id='word_1_12' title='bbox 781 264 986 299; x_wconf 81' lang='lat' dir='ltr'>torrentur</span> <span class='ocrx_word' id='word_1_13' title='bbox 1010 257 1158 299; x_wconf 86' lang='lat' dir='ltr'>aristae</span> 
     </span>
     <span class='ocr_line' id='line_1_3' title="bbox 149 319 1267 374; baseline -0.001 -12"><span class='ocrx_word' id='word_1_14' title='bbox 149 327 220 362; x_wconf 88' lang='lat' dir='ltr'>aut</span> <span class='ocrx_word' id='word_1_15' title='bbox 245 321 393 363; x_wconf 88' lang='lat' dir='ltr'>Hermi</span> <span class='ocrx_word' id='word_1_16' title='bbox 419 334 565 374; x_wconf 87' lang='lat' dir='ltr'>campo</span> <span class='ocrx_word' id='word_1_17' title='bbox 591 327 662 360; x_wconf 84' lang='lat' dir='ltr'>aut</span> <span class='ocrx_word' id='word_1_18' title='bbox 687 320 845 374; x_wconf 81' lang='lat' dir='ltr'>Lyciae</span> <span class='ocrx_word' id='word_1_19' title='bbox 870 319 1117 360; x_wconf 86' lang='lat' dir='ltr'>flaventibus</span> <span class='ocrx_word' id='word_1_20' title='bbox 1146 320 1267 361; x_wconf 80' lang='lat' dir='ltr'>arvis.</span> 
     </span>
     <span class='ocr_line' id='line_1_4' title="bbox 149 381 1249 436; baseline -0.002 -13"><span class='ocrx_word' id='word_1_21' title='bbox 149 390 266 424; x_wconf 89' lang='lat' dir='ltr'>scuta</span> <span class='ocrx_word' id='word_1_22' title='bbox 290 389 436 423; x_wconf 89' lang='lat' dir='ltr'>sonant</span> <span class='ocrx_word' id='word_1_23' title='bbox 461 382 668 436; x_wconf 87' lang='lat' dir='ltr'>pulsuque</span> <span class='ocrx_word' id='word_1_24' title='bbox 693 383 847 436; x_wconf 86' lang='lat' dir='ltr'>pedum</span> <span class='ocrx_word' id='word_1_25' title='bbox 873 381 1092 422; x_wconf 85' lang='lat' dir='ltr'>conterrita</span> <span class='ocrx_word' id='word_1_26' title='bbox 1115 382 1249 423; x_wconf 85' lang='lat' dir='ltr'>tellus.</span> 
     </span>
    </p>

    <p class='ocr_par' dir='ltr' id='par_1_3' title="bbox 149 443 1284 562">
     <span class='ocr_line' id='line_1_5' title="bbox 204 443 1284 498; baseline -0.002 -13"><span class='ocrx_word' id='word_1_27' title='bbox 204 445 318 486; x_wconf 89' lang='lat' dir='ltr'>Hinc</span> <span class='ocrx_word' id='word_1_28' title='bbox 342 444 719 498; x_wconf 71' lang='lat' dir='ltr'>Agamemnonius,</span> <span class='ocrx_word' id='word_1_29' title='bbox 745 444 915 485; x_wconf 90' lang='lat' dir='ltr'>Troiani</span> <span class='ocrx_word' id='word_1_30' title='bbox 941 443 1118 484; x_wconf 89' lang='lat' dir='ltr'>nominis</span> <span class='ocrx_word' id='word_1_31' title='bbox 1143 444 1284 492; x_wconf 81' lang='lat' dir='ltr'>hostis,</span> 
     </span>
     <span class='ocr_line' id='line_1_6' title="bbox 149 506 1256 562; baseline -0.001 -14"><span class='ocrx_word' id='word_1_32' title='bbox 149 522 272 549; x_wconf 90' lang='lat' dir='ltr'>curru</span> <span class='ocrx_word' id='word_1_33' title='bbox 297 507 433 562; x_wconf 85' lang='lat' dir='ltr'>iungit</span> <span class='ocrx_word' id='word_1_34' title='bbox 457 506 666 547; x_wconf 77' lang='lat' dir='ltr'>Halaesus</span> <span class='ocrx_word' id='word_1_35' title='bbox 692 521 821 560; x_wconf 90' lang='lat' dir='ltr'>equos</span> <span class='ocrx_word' id='word_1_36' title='bbox 846 506 1072 559; x_wconf 85' lang='lat' dir='ltr'>Turnoque</span> <span class='ocrx_word' id='word_1_37' title='bbox 1097 506 1256 547; x_wconf 84' lang='lat' dir='ltr'>feroces</span> 
     </span>
    </p>

    <p class='ocr_par' dir='ltr' id='par_1_4' title="bbox 61 567 1315 872">
     <span class='ocr_line' id='line_1_7' title="bbox 61 567 1153 624; baseline -0.002 -14"><span class='ocrx_word' id='word_1_38' title='bbox 61 580 123 610; x_wconf 82' lang='lat'>725</span> <span class='ocrx_word' id='word_1_39' title='bbox 148 570 261 610; x_wconf 90' lang='lat' dir='ltr'>mille</span> <span class='ocrx_word' id='word_1_40' title='bbox 286 569 393 624; x_wconf 83' lang='lat' dir='ltr'>rapit</span> <span class='ocrx_word' id='word_1_41' title='bbox 418 569 608 623; x_wconf 84' lang='lat' dir='ltr'>populos,</span> <span class='ocrx_word' id='word_1_42' title='bbox 634 575 801 610; x_wconf 84' lang='lat' dir='ltr'>vertunt</span> <span class='ocrx_word' id='word_1_43' title='bbox 825 568 962 609; x_wconf 88' lang='lat' dir='ltr'>felicia</span> <span class='ocrx_word' id='word_1_44' title='bbox 985 567 1153 609; x_wconf 86' lang='lat' dir='ltr'>Baccho</span> 
     </span>
     <span class='ocr_line' id='line_1_8' title="bbox 147 630 1197 684; baseline -0.001 -12"><span class='ocrx_word' id='word_1_45' title='bbox 147 632 332 672; x_wconf 87' lang='lat' dir='ltr'>Massica</span> <span class='ocrx_word' id='word_1_46' title='bbox 357 631 429 684; x_wconf 92' lang='lat' dir='ltr'>qui</span> <span class='ocrx_word' id='word_1_47' title='bbox 453 630 609 680; x_wconf 85' lang='lat' dir='ltr'>rastris,</span> <span class='ocrx_word' id='word_1_48' title='bbox 635 638 675 672; x_wconf 89' lang='lat' dir='ltr'>et</span> <span class='ocrx_word' id='word_1_49' title='bbox 699 645 804 684; x_wconf 89' lang='lat' dir='ltr'>quos</span> <span class='ocrx_word' id='word_1_50' title='bbox 830 630 881 671; x_wconf 89' lang='lat' dir='ltr'>de</span> <span class='ocrx_word' id='word_1_51' title='bbox 907 630 1079 671; x_wconf 90' lang='lat' dir='ltr'>collibus</span> <span class='ocrx_word' id='word_1_52' title='bbox 1106 630 1197 671; x_wconf 82' lang='lat' dir='ltr'>altis</span> 
     </span>
     <span class='ocr_line' id='line_1_9' title="bbox 147 692 1109 747; baseline -0.002 -12"><span class='ocrx_word' id='word_1_53' title='bbox 147 693 338 735; x_wconf 82' lang='lat' dir='ltr'>Aurunci</span> <span class='ocrx_word' id='word_1_54' title='bbox 363 693 512 734; x_wconf 86' lang='lat' dir='ltr'>misere</span> <span class='ocrx_word' id='word_1_55' title='bbox 536 699 673 747; x_wconf 86' lang='lat' dir='ltr'>patres</span> <span class='ocrx_word' id='word_1_56' title='bbox 700 692 969 746; x_wconf 84' lang='lat' dir='ltr'>Sidicinaque</span> <span class='ocrx_word' id='word_1_57' title='bbox 992 692 1109 733; x_wconf 82' lang='lat' dir='ltr'>iuxta</span> 
     </span>
     <span class='ocr_line' id='line_1_10' title="bbox 149 752 1315 810; baseline -0.003 -12"><span class='ocrx_word' id='word_1_58' title='bbox 149 770 344 810; x_wconf 89' lang='lat' dir='ltr'>aequora,</span> <span class='ocrx_word' id='word_1_59' title='bbox 369 752 524 809; x_wconf 90' lang='lat' dir='ltr'>quique</span> <span class='ocrx_word' id='word_1_60' title='bbox 551 753 676 796; x_wconf 85' lang='lat' dir='ltr'>Cales</span> <span class='ocrx_word' id='word_1_61' title='bbox 699 755 904 808; x_wconf 88' lang='lat' dir='ltr'>linquunt,</span> <span class='ocrx_word' id='word_1_62' title='bbox 931 754 1145 808; x_wconf 89' lang='lat' dir='ltr'>amnisque</span> <span class='ocrx_word' id='word_1_63' title='bbox 1171 753 1315 795; x_wconf 82' lang='lat' dir='ltr'>vadosi</span> 
     </span>
     <span class='ocr_line' id='line_1_11' title="bbox 150 816 1167 872; baseline -0.002 -13"><span class='ocrx_word' id='word_1_64' title='bbox 150 819 291 860; x_wconf 85' lang='lat' dir='ltr'>accola</span> <span class='ocrx_word' id='word_1_65' title='bbox 317 817 524 866; x_wconf 85' lang='lat' dir='ltr'>Volturni,</span> <span class='ocrx_word' id='word_1_66' title='bbox 549 817 785 872; x_wconf 83' lang='lat' dir='ltr'>pariterque</span> <span class='ocrx_word' id='word_1_67' title='bbox 812 816 1022 858; x_wconf 86' lang='lat' dir='ltr'>Saticulus</span> <span class='ocrx_word' id='word_1_68' title='bbox 1047 831 1167 871; x_wconf 83' lang='lat' dir='ltr'>asper</span> 
     </span>
    </p>

    <p class='ocr_par' dir='ltr' id='par_1_5' title="bbox 60 877 1242 1058">
     <span class='ocr_line' id='line_1_12' title="bbox 60 877 1242 934; baseline -0.003 -13"><span class='ocrx_word' id='word_1_69' title='bbox 60 891 124 922; x_wconf 87' lang='grc'>730</span> <span class='ocrx_word' id='word_1_70' title='bbox 150 879 444 934; x_wconf 87' lang='lat' dir='ltr'>Oscorumque</span> <span class='ocrx_word' id='word_1_71' title='bbox 468 894 629 920; x_wconf 87' lang='lat' dir='ltr'>manus.</span> <span class='ocrx_word' id='word_1_72' title='bbox 678 885 827 920; x_wconf 89' lang='lat' dir='ltr'>teretes</span> <span class='ocrx_word' id='word_1_73' title='bbox 853 886 949 919; x_wconf 86' lang='lat' dir='ltr'>sunt</span> <span class='ocrx_word' id='word_1_74' title='bbox 973 878 1140 932; x_wconf 85' lang='lat' dir='ltr'>aclydes</span> <span class='ocrx_word' id='word_1_75' title='bbox 1165 877 1242 919; x_wconf 90' lang='lat' dir='ltr'>illis</span> 
     </span>
     <span class='ocr_line' id='line_1_13' title="bbox 148 940 1181 995; baseline -0.004 -11"><span class='ocrx_word' id='word_1_76' title='bbox 148 943 242 990; x_wconf 88' lang='lat' dir='ltr'>tela,</span> <span class='ocrx_word' id='word_1_77' title='bbox 269 942 342 983; x_wconf 90' lang='lat' dir='ltr'>sed</span> <span class='ocrx_word' id='word_1_78' title='bbox 366 942 469 983; x_wconf 90' lang='lat' dir='ltr'>haec</span> <span class='ocrx_word' id='word_1_79' title='bbox 493 942 604 982; x_wconf 83' lang='lat' dir='ltr'>lento</span> <span class='ocrx_word' id='word_1_80' title='bbox 628 955 718 981; x_wconf 91' lang='lat' dir='ltr'>mos</span> <span class='ocrx_word' id='word_1_81' title='bbox 744 948 806 982; x_wconf 86' lang='lat' dir='ltr'>est</span> <span class='ocrx_word' id='word_1_82' title='bbox 831 948 972 995; x_wconf 85' lang='lat' dir='ltr'>aptare</span> <span class='ocrx_word' id='word_1_83' title='bbox 997 940 1181 994; x_wconf 81' lang='lat' dir='ltr'>flagello3</span> 
     </span>
     <span class='ocr_line' id='line_1_14' title="bbox 150 1002 1151 1058; baseline -0.004 -12"><span class='ocrx_word' id='word_1_84' title='bbox 150 1006 291 1046; x_wconf 87' lang='lat' dir='ltr'>laevas</span> <span class='ocrx_word' id='word_1_85' title='bbox 317 1010 430 1045; x_wconf 88' lang='lat' dir='ltr'>cetra</span> <span class='ocrx_word' id='word_1_86' title='bbox 455 1004 571 1058; x_wconf 81' lang='lat' dir='ltr'>tegit,</span> <span class='ocrx_word' id='word_1_87' title='bbox 598 1002 738 1043; x_wconf 89' lang='lat' dir='ltr'>falcati</span> <span class='ocrx_word' id='word_1_88' title='bbox 763 1002 994 1043; x_wconf 87' lang='lat' dir='ltr'>comminus</span> <span class='ocrx_word' id='word_1_89' title='bbox 1019 1017 1151 1043; x_wconf 90' lang='lat' dir='ltr'>enses.</span> 
     </span>
    </p>

    <p class='ocr_par' dir='ltr' id='par_1_6' title="bbox 151 1064 1345 1183">
     <span class='ocr_line' id='line_1_15' title="bbox 205 1064 1187 1113; baseline -0.004 -5"><span class='ocrx_word' id='word_1_90' title='bbox 205 1068 293 1108; x_wconf 91' lang='lat' dir='ltr'>Nec</span> <span class='ocrx_word' id='word_1_91' title='bbox 318 1074 362 1108; x_wconf 89' lang='lat' dir='ltr'>tu</span> <span class='ocrx_word' id='word_1_92' title='bbox 387 1065 639 1107; x_wconf 84' lang='lat' dir='ltr'>carminibus</span> <span class='ocrx_word' id='word_1_93' title='bbox 663 1065 813 1106; x_wconf 84' lang='lat' dir='ltr'>nostris</span> <span class='ocrx_word' id='word_1_94' title='bbox 838 1065 1016 1105; x_wconf 89' lang='lat' dir='ltr'>indictus</span> <span class='ocrx_word' id='word_1_95' title='bbox 1042 1064 1187 1113; x_wconf 87' lang='lat' dir='ltr'>abibis,</span> 
     </span>
     <span class='ocr_line' id='line_1_16' title="bbox 151 1123 1345 1183; baseline -0.005 -12"><span class='ocrx_word' id='word_1_96' title='bbox 151 1128 327 1177; x_wconf 90' lang='lat' dir='ltr'>Oebale,</span> <span class='ocrx_word' id='word_1_97' title='bbox 353 1143 477 1182; x_wconf 89' lang='lat' dir='ltr'>quem</span> <span class='ocrx_word' id='word_1_98' title='bbox 503 1143 724 1183; x_wconf 82' lang='lat' dir='ltr'>generasse</span> <span class='ocrx_word' id='word_1_99' title='bbox 749 1127 882 1168; x_wconf 86' lang='lat' dir='ltr'>Telon</span> <span class='ocrx_word' id='word_1_100' title='bbox 909 1126 1136 1168; x_wconf 82' lang='lat' dir='ltr'>Sebethide</span> <span class='ocrx_word' id='word_1_101' title='bbox 1161 1123 1345 1180; x_wconf 73' lang='lat' dir='ltr'>nympha</span> 
     </span>
    </p>

    <p class='ocr_par' dir='ltr' id='par_1_7' title="bbox 62 1189 1498 1496">
     <span class='ocr_line' id='line_1_17' title="bbox 62 1189 1235 1245; baseline -0.005 -10"><span class='ocrx_word' id='word_1_102' title='bbox 62 1204 124 1235; x_wconf 85' lang='lat'>735</span> <span class='ocrx_word' id='word_1_103' title='bbox 149 1192 294 1241; x_wconf 87' lang='lat' dir='ltr'>fertur,</span> <span class='ocrx_word' id='word_1_104' title='bbox 319 1191 553 1233; x_wconf 87' lang='lat' dir='ltr'>Teleboum</span> <span class='ocrx_word' id='word_1_105' title='bbox 579 1189 766 1245; x_wconf 85' lang='lat' dir='ltr'>Capreas</span> <span class='ocrx_word' id='word_1_106' title='bbox 791 1204 886 1231; x_wconf 90' lang='lat' dir='ltr'>cum</span> <span class='ocrx_word' id='word_1_107' title='bbox 910 1204 1041 1244; x_wconf 84' lang='lat' dir='ltr'>regna</span> <span class='ocrx_word' id='word_1_108' title='bbox 1066 1195 1235 1237; x_wconf 89' lang='lat' dir='ltr'>teneret,</span> 
     </span>
     <span class='ocr_line' id='line_1_18' title="bbox 150 1251 1117 1308; baseline -0.005 -12"><span class='ocrx_word' id='word_1_109' title='bbox 150 1256 232 1296; x_wconf 90' lang='lat' dir='ltr'>iam</span> <span class='ocrx_word' id='word_1_110' title='bbox 258 1254 411 1303; x_wconf 82' lang='lat' dir='ltr'>senior3</span> <span class='ocrx_word' id='word_1_111' title='bbox 436 1253 580 1308; x_wconf 89' lang='lat' dir='ltr'>patriis</span> <span class='ocrx_word' id='word_1_112' title='bbox 607 1253 679 1293; x_wconf 90' lang='lat' dir='ltr'>sed</span> <span class='ocrx_word' id='word_1_113' title='bbox 704 1267 787 1293; x_wconf 92' lang='lat' dir='ltr'>non</span> <span class='ocrx_word' id='word_1_114' title='bbox 811 1259 853 1293; x_wconf 84' lang='lat' dir='ltr'>et</span> <span class='ocrx_word' id='word_1_115' title='bbox 876 1252 984 1292; x_wconf 90' lang='lat' dir='ltr'>filius</span> <span class='ocrx_word' id='word_1_116' title='bbox 1009 1251 1117 1292; x_wconf 89' lang='lat' dir='ltr'>arvis</span> 
     </span>
     <span class='ocr_line' id='line_1_19' title="bbox 151 1314 1075 1358; baseline -0.003 -1"><span class='ocrx_word' id='word_1_117' title='bbox 151 1323 368 1358; x_wconf 86' lang='lat' dir='ltr'>contentus</span> <span class='ocrx_word' id='word_1_118' title='bbox 393 1316 475 1357; x_wconf 88' lang='lat' dir='ltr'>late</span> <span class='ocrx_word' id='word_1_119' title='bbox 500 1315 583 1355; x_wconf 84' lang='lat' dir='ltr'>iam</span> <span class='ocrx_word' id='word_1_120' title='bbox 609 1321 696 1355; x_wconf 89' lang='lat' dir='ltr'>tum</span> <span class='ocrx_word' id='word_1_121' title='bbox 722 1314 884 1355; x_wconf 88' lang='lat' dir='ltr'>dicione</span> <span class='ocrx_word' id='word_1_122' title='bbox 909 1314 1075 1355; x_wconf 86' lang='lat' dir='ltr'>tenebat</span> 
     </span>
     <span class='ocr_line' id='line_1_20' title="bbox 153 1374 1294 1433; baseline -0.004 -13"><span class='ocrx_word' id='word_1_123' title='bbox 153 1379 354 1420; x_wconf 79' lang='lat' dir='ltr'>Sarrastis</span> <span class='ocrx_word' id='word_1_124' title='bbox 379 1378 556 1433; x_wconf 90' lang='lat' dir='ltr'>populos</span> <span class='ocrx_word' id='word_1_125' title='bbox 583 1384 623 1418; x_wconf 89' lang='lat' dir='ltr'>et</span> <span class='ocrx_word' id='word_1_126' title='bbox 647 1392 755 1431; x_wconf 88' lang='lat' dir='ltr'>quae</span> <span class='ocrx_word' id='word_1_127' title='bbox 780 1377 889 1431; x_wconf 77' lang='lat' dir='ltr'>rigat</span> <span class='ocrx_word' id='word_1_128' title='bbox 914 1391 1095 1430; x_wconf 88' lang='lat' dir='ltr'>aequora</span> <span class='ocrx_word' id='word_1_129' title='bbox 1122 1374 1294 1424; x_wconf 86' lang='lat' dir='ltr'>Sarnus,</span> 
     </span>
     <span class='ocr_line' id='line_1_21' title="bbox 151 1437 1498 1496; baseline -0.004 -14"><span class='ocrx_word' id='word_1_130' title='bbox 151 1442 305 1496; x_wconf 86' lang='lat' dir='ltr'>quique</span> <span class='ocrx_word' id='word_1_131' title='bbox 331 1441 486 1482; x_wconf 84' lang='lat' dir='ltr'>Rufras</span> <span class='ocrx_word' id='word_1_132' title='bbox 511 1440 796 1493; x_wconf 85' lang='lat' dir='ltr'>Batulumque</span> <span class='ocrx_word' id='word_1_133' title='bbox 820 1446 961 1480; x_wconf 90' lang='lat' dir='ltr'>tenent</span> <span class='ocrx_word' id='word_1_134' title='bbox 986 1446 1111 1492; x_wconf 89' lang='lat' dir='ltr'>atque</span> <span class='ocrx_word' id='word_1_135' title='bbox 1137 1454 1236 1479; x_wconf 87' lang='lat' dir='ltr'>arva</span> <span class='ocrx_word' id='word_1_136' title='bbox 1262 1437 1498 1485; x_wconf 85' lang='lat' dir='ltr'>Celemnae,</span> 
     </span>
    </p>

    <p class='ocr_par' dir='ltr' id='par_1_8' title="bbox 64 1500 1263 1743">
     <span class='ocr_line' id='line_1_22' title="bbox 64 1500 1233 1557; baseline -0.005 -10"><span class='ocrx_word' id='word_1_137' title='bbox 64 1517 127 1547; x_wconf 79' lang='grc'>740</span> <span class='ocrx_word' id='word_1_138' title='bbox 152 1511 193 1546; x_wconf 87' lang='lat' dir='ltr'>et</span> <span class='ocrx_word' id='word_1_139' title='bbox 217 1518 321 1557; x_wconf 90' lang='lat' dir='ltr'>quos</span> <span class='ocrx_word' id='word_1_140' title='bbox 347 1502 560 1543; x_wconf 87' lang='lat' dir='ltr'>maliferae</span> <span class='ocrx_word' id='word_1_141' title='bbox 586 1502 830 1556; x_wconf 84' lang='lat' dir='ltr'>despectant</span> <span class='ocrx_word' id='word_1_142' title='bbox 853 1501 1019 1542; x_wconf 88' lang='lat' dir='ltr'>moenia</span> <span class='ocrx_word' id='word_1_143' title='bbox 1044 1500 1233 1549; x_wconf 84' lang='lat' dir='ltr'>Abellae,</span> 
     </span>
     <span class='ocr_line' id='line_1_23' title="bbox 153 1564 1038 1617; baseline -0.005 -9"><span class='ocrx_word' id='word_1_144' title='bbox 153 1566 386 1608; x_wconf 88' lang='lat' dir='ltr'>Teutonico</span> <span class='ocrx_word' id='word_1_145' title='bbox 411 1565 493 1606; x_wconf 90' lang='lat' dir='ltr'>ritu</span> <span class='ocrx_word' id='word_1_146' title='bbox 519 1564 626 1605; x_wconf 87' lang='lat' dir='ltr'>soliti</span> <span class='ocrx_word' id='word_1_147' title='bbox 652 1572 844 1617; x_wconf 90' lang='lat' dir='ltr'>torquere</span> <span class='ocrx_word' id='word_1_148' title='bbox 869 1565 1038 1612; x_wconf 82' lang='lat' dir='ltr'>cateias3</span> 
     </span>
     <span class='ocr_line' id='line_1_24' title="bbox 153 1626 1263 1684; baseline -0.005 -14"><span class='ocrx_word' id='word_1_149' title='bbox 153 1629 339 1684; x_wconf 82' lang='lat' dir='ltr'>tegmina</span> <span class='ocrx_word' id='word_1_150' title='bbox 363 1628 456 1682; x_wconf 89' lang='lat' dir='ltr'>quis</span> <span class='ocrx_word' id='word_1_151' title='bbox 482 1628 664 1682; x_wconf 87' lang='lat' dir='ltr'>capitum</span> <span class='ocrx_word' id='word_1_152' title='bbox 690 1633 832 1681; x_wconf 82' lang='lat' dir='ltr'>raptus</span> <span class='ocrx_word' id='word_1_153' title='bbox 859 1626 909 1667; x_wconf 88' lang='lat' dir='ltr'>de</span> <span class='ocrx_word' id='word_1_154' title='bbox 934 1626 1084 1667; x_wconf 88' lang='lat' dir='ltr'>subere</span> <span class='ocrx_word' id='word_1_155' title='bbox 1108 1635 1263 1675; x_wconf 85' lang='lat' dir='ltr'>cortex,</span> 
     </span>
     <span class='ocr_line' id='line_1_25' title="bbox 154 1687 1215 1743; baseline -0.005 -11"><span class='ocrx_word' id='word_1_156' title='bbox 154 1697 400 1743; x_wconf 87' lang='lat' dir='ltr'>aerataeque</span> <span class='ocrx_word' id='word_1_157' title='bbox 424 1689 577 1729; x_wconf 84' lang='lat' dir='ltr'>micant</span> <span class='ocrx_word' id='word_1_158' title='bbox 603 1689 751 1743; x_wconf 90' lang='lat' dir='ltr'>peltae,</span> <span class='ocrx_word' id='word_1_159' title='bbox 778 1688 902 1728; x_wconf 85' lang='lat' dir='ltr'>micat</span> <span class='ocrx_word' id='word_1_160' title='bbox 925 1702 1070 1728; x_wconf 90' lang='lat' dir='ltr'>aereus</span> <span class='ocrx_word' id='word_1_161' title='bbox 1095 1687 1215 1728; x_wconf 91' lang='lat' dir='ltr'>ensis.</span> 
     </span>
    </p>

    <p class='ocr_par' dir='ltr' id='par_1_9' title="bbox 211 1749 1185 1804">
     <span class='ocr_line' id='line_1_26' title="bbox 211 1749 1185 1804; baseline -0.003 -11"><span class='ocrx_word' id='word_1_162' title='bbox 211 1752 268 1793; x_wconf 90' lang='lat' dir='ltr'>Et</span> <span class='ocrx_word' id='word_1_163' title='bbox 291 1759 330 1793; x_wconf 91' lang='lat' dir='ltr'>te</span> <span class='ocrx_word' id='word_1_164' title='bbox 355 1758 569 1792; x_wconf 89' lang='lat' dir='ltr'>montosae</span> <span class='ocrx_word' id='word_1_165' title='bbox 594 1751 743 1792; x_wconf 90' lang='lat' dir='ltr'>misere</span> <span class='ocrx_word' id='word_1_166' title='bbox 767 1750 808 1790; x_wconf 93' lang='lat' dir='ltr'>in</span> <span class='ocrx_word' id='word_1_167' title='bbox 833 1750 989 1804; x_wconf 88' lang='lat' dir='ltr'>proelia</span> <span class='ocrx_word' id='word_1_168' title='bbox 1014 1749 1185 1798; x_wconf 85' lang='lat' dir='ltr'>Nersae,</span> 
     </span>
    </p>

    <p class='ocr_par' dir='ltr' id='par_1_10' title="bbox 66 1811 1223 2117">
     <span class='ocr_line' id='line_1_27' title="bbox 66 1811 1124 1868; baseline -0.007 -10"><span class='ocrx_word' id='word_1_169' title='bbox 66 1829 129 1858; x_wconf 72' lang='lat'>745</span> <span class='ocrx_word' id='word_1_170' title='bbox 154 1815 306 1863; x_wconf 85' lang='lat' dir='ltr'>Ufens,</span> <span class='ocrx_word' id='word_1_171' title='bbox 332 1814 537 1868; x_wconf 78' lang='lat' dir='ltr'>insignem</span> <span class='ocrx_word' id='word_1_172' title='bbox 562 1813 675 1854; x_wconf 87' lang='lat' dir='ltr'>fama</span> <span class='ocrx_word' id='word_1_173' title='bbox 700 1819 740 1854; x_wconf 87' lang='lat' dir='ltr'>et</span> <span class='ocrx_word' id='word_1_174' title='bbox 764 1812 955 1853; x_wconf 86' lang='lat' dir='ltr'>felicibus</span> <span class='ocrx_word' id='word_1_175' title='bbox 981 1811 1124 1860; x_wconf 81' lang='lat' dir='ltr'>armis3</span> 
     </span>
     <span class='ocr_line' id='line_1_28' title="bbox 155 1874 1223 1931; baseline -0.005 -12"><span class='ocrx_word' id='word_1_176' title='bbox 155 1877 323 1919; x_wconf 86' lang='lat' dir='ltr'>horrida</span> <span class='ocrx_word' id='word_1_177' title='bbox 347 1876 570 1931; x_wconf 87' lang='lat' dir='ltr'>praecipue</span> <span class='ocrx_word' id='word_1_178' title='bbox 595 1876 661 1916; x_wconf 86' lang='lat' dir='ltr'>eui</span> <span class='ocrx_word' id='word_1_179' title='bbox 686 1890 789 1929; x_wconf 84' lang='lat' dir='ltr'>gens</span> <span class='ocrx_word' id='word_1_180' title='bbox 815 1875 1069 1928; x_wconf 88' lang='lat' dir='ltr'>adsuetaque</span> <span class='ocrx_word' id='word_1_181' title='bbox 1094 1874 1223 1914; x_wconf 90' lang='lat' dir='ltr'>multo</span> 
     </span>
     <span class='ocr_line' id='line_1_29' title="bbox 155 1936 1162 1991; baseline -0.005 -10"><span class='ocrx_word' id='word_1_182' title='bbox 155 1947 308 1982; x_wconf 85' lang='lat' dir='ltr'>venatu</span> <span class='ocrx_word' id='word_1_183' title='bbox 333 1953 563 1987; x_wconf 87' lang='lat' dir='ltr'>nemorum,</span> <span class='ocrx_word' id='word_1_184' title='bbox 590 1938 701 1978; x_wconf 91' lang='lat' dir='ltr'>duris</span> <span class='ocrx_word' id='word_1_185' title='bbox 729 1936 964 1991; x_wconf 90' lang='lat' dir='ltr'>Aequicula</span> <span class='ocrx_word' id='word_1_186' title='bbox 988 1936 1162 1991; x_wconf 83' lang='lat' dir='ltr'>glaebis.</span> 
     </span>
     <span class='ocr_line' id='line_1_30' title="bbox 157 1998 1166 2055; baseline -0.005 -11"><span class='ocrx_word' id='word_1_187' title='bbox 157 2002 304 2044; x_wconf 84' lang='lat' dir='ltr'>armati</span> <span class='ocrx_word' id='word_1_188' title='bbox 328 2009 479 2042; x_wconf 90' lang='lat' dir='ltr'>terram</span> <span class='ocrx_word' id='word_1_189' title='bbox 505 2007 695 2041; x_wconf 80' lang='lat' dir='ltr'>exercent</span> <span class='ocrx_word' id='word_1_190' title='bbox 721 2013 965 2055; x_wconf 86' lang='lat' dir='ltr'>semperque</span> <span class='ocrx_word' id='word_1_191' title='bbox 990 1998 1166 2040; x_wconf 89' lang='lat' dir='ltr'>recentis</span> 
     </span>
     <span class='ocr_line' id='line_1_31' title="bbox 158 2062 1126 2117; baseline -0.005 -11"><span class='ocrx_word' id='word_1_192' title='bbox 158 2071 403 2107; x_wconf 91' lang='lat' dir='ltr'>convectare</span> <span class='ocrx_word' id='word_1_193' title='bbox 427 2063 543 2103; x_wconf 85' lang='lat' dir='ltr'>iuvat</span> <span class='ocrx_word' id='word_1_194' title='bbox 566 2063 741 2117; x_wconf 85' lang='lat' dir='ltr'>praedas</span> <span class='ocrx_word' id='word_1_195' title='bbox 767 2069 807 2103; x_wconf 88' lang='lat' dir='ltr'>et</span> <span class='ocrx_word' id='word_1_196' title='bbox 831 2062 970 2102; x_wconf 88' lang='lat' dir='ltr'>vivere</span> <span class='ocrx_word' id='word_1_197' title='bbox 995 2068 1126 2116; x_wconf 86' lang='lat' dir='ltr'>rapto.</span> 
     </span>
    </p>

    <p class='ocr_par' dir='ltr' id='par_1_11' title="bbox 69 2122 1291 2432">
     <span class='ocr_line' id='line_1_32' title="bbox 69 2122 1227 2179; baseline -0.008 -7"><span class='ocrx_word' id='word_1_198' title='bbox 69 2140 132 2172; x_wconf 84' lang='lat'>750</span> <span class='ocrx_word' id='word_1_199' title='bbox 214 2127 328 2178; x_wconf 77' lang='lat' dir='ltr'>Quin</span> <span class='ocrx_word' id='word_1_200' title='bbox 354 2132 394 2167; x_wconf 84' lang='lat' dir='ltr'>et</span> <span class='ocrx_word' id='word_1_201' title='bbox 417 2126 634 2166; x_wconf 86' lang='lat' dir='ltr'>Marruvia</span> <span class='ocrx_word' id='word_1_202' title='bbox 658 2125 772 2166; x_wconf 85' lang='lat' dir='ltr'>venit</span> <span class='ocrx_word' id='word_1_203' title='bbox 796 2125 846 2166; x_wconf 84' lang='lat' dir='ltr'>de</span> <span class='ocrx_word' id='word_1_204' title='bbox 871 2130 995 2179; x_wconf 77' lang='lat' dir='ltr'>gente</span> <span class='ocrx_word' id='word_1_205' title='bbox 1021 2122 1227 2173; x_wconf 86' lang='lat' dir='ltr'>sacerdos,</span> 
     </span>
     <span class='ocr_line' id='line_1_33' title="bbox 159 2185 1207 2243; baseline -0.006 -12"><span class='ocrx_word' id='word_1_206' title='bbox 159 2190 307 2232; x_wconf 87' lang='lat' dir='ltr'>fronde</span> <span class='ocrx_word' id='word_1_207' title='bbox 332 2203 457 2243; x_wconf 89' lang='lat' dir='ltr'>super</span> <span class='ocrx_word' id='word_1_208' title='bbox 480 2188 643 2242; x_wconf 78' lang='lat' dir='ltr'>galeam</span> <span class='ocrx_word' id='word_1_209' title='bbox 668 2194 709 2228; x_wconf 85' lang='lat' dir='ltr'>et</span> <span class='ocrx_word' id='word_1_210' title='bbox 732 2187 843 2228; x_wconf 87' lang='lat' dir='ltr'>felici</span> <span class='ocrx_word' id='word_1_211' title='bbox 869 2193 1058 2241; x_wconf 88' lang='lat' dir='ltr'>comptus</span> <span class='ocrx_word' id='word_1_212' title='bbox 1085 2185 1207 2234; x_wconf 92' lang='lat' dir='ltr'>oliva,</span> 
     </span>
     <span class='ocr_line' id='line_1_34' title="bbox 159 2247 1144 2306; baseline -0.006 -13"><span class='ocrx_word' id='word_1_213' title='bbox 159 2251 365 2306; x_wconf 88' lang='lat' dir='ltr'>Archippi</span> <span class='ocrx_word' id='word_1_214' title='bbox 389 2251 500 2305; x_wconf 83' lang='lat' dir='ltr'>regis</span> <span class='ocrx_word' id='word_1_215' title='bbox 526 2250 668 2298; x_wconf 89' lang='lat' dir='ltr'>missu,</span> <span class='ocrx_word' id='word_1_216' title='bbox 693 2249 942 2290; x_wconf 87' lang='lat' dir='ltr'>fortissimus</span> <span class='ocrx_word' id='word_1_217' title='bbox 966 2247 1144 2296; x_wconf 87' lang='lat' dir='ltr'>Umbro,</span> 
     </span>
     <span class='ocr_line' id='line_1_35' title="bbox 158 2309 1207 2369; baseline -0.005 -14"><span class='ocrx_word' id='word_1_218' title='bbox 158 2314 325 2369; x_wconf 89' lang='lat' dir='ltr'>vipereo</span> <span class='ocrx_word' id='word_1_219' title='bbox 351 2312 494 2367; x_wconf 85' lang='lat' dir='ltr'>generi</span> <span class='ocrx_word' id='word_1_220' title='bbox 520 2319 561 2353; x_wconf 81' lang='lat' dir='ltr'>et</span> <span class='ocrx_word' id='word_1_221' title='bbox 585 2312 765 2366; x_wconf 80' lang='lat' dir='ltr'>graviter</span> <span class='ocrx_word' id='word_1_222' title='bbox 790 2311 1041 2366; x_wconf 87' lang='lat' dir='ltr'>spirantibus</span> <span class='ocrx_word' id='word_1_223' title='bbox 1067 2309 1207 2364; x_wconf 84' lang='lat' dir='ltr'>hydris</span> 
     </span>
     <span class='ocr_line' id='line_1_36' title="bbox 158 2371 1291 2432; baseline -0.004 -15"><span class='ocrx_word' id='word_1_224' title='bbox 158 2391 353 2432; x_wconf 69' lang='lat' dir='ltr'>spargere</span> <span class='ocrx_word' id='word_1_225' title='bbox 378 2375 449 2429; x_wconf 90' lang='lat' dir='ltr'>qui</span> <span class='ocrx_word' id='word_1_226' title='bbox 474 2389 640 2415; x_wconf 89' lang='lat' dir='ltr'>somnos</span> <span class='ocrx_word' id='word_1_227' title='bbox 665 2381 873 2427; x_wconf 88' lang='lat' dir='ltr'>cantuque</span> <span class='ocrx_word' id='word_1_228' title='bbox 898 2386 1107 2426; x_wconf 89' lang='lat' dir='ltr'>manuque</span> <span class='ocrx_word' id='word_1_229' title='bbox 1132 2371 1291 2413; x_wconf 85' lang='lat' dir='ltr'>solebat</span> 
     </span>
    </p>

    <p class='ocr_par' dir='ltr' id='par_1_12' title="bbox 70 2435 1279 2680">
     <span class='ocr_line' id='line_1_37' title="bbox 70 2435 1121 2491; baseline -0.007 -9"><span class='ocrx_word' id='word_1_230' title='bbox 70 2450 133 2482; x_wconf 88' lang='lat'>755</span> <span class='ocrx_word' id='word_1_231' title='bbox 159 2439 451 2491; x_wconf 88' lang='lat' dir='ltr'>mulcebatque</span> <span class='ocrx_word' id='word_1_232' title='bbox 476 2437 557 2478; x_wconf 88' lang='lat' dir='ltr'>iras</span> <span class='ocrx_word' id='word_1_233' title='bbox 583 2445 623 2478; x_wconf 87' lang='lat' dir='ltr'>et</span> <span class='ocrx_word' id='word_1_234' title='bbox 647 2451 808 2477; x_wconf 89' lang='lat' dir='ltr'>morsus</span> <span class='ocrx_word' id='word_1_235' title='bbox 832 2442 919 2477; x_wconf 88' lang='lat' dir='ltr'>arte</span> <span class='ocrx_word' id='word_1_236' title='bbox 943 2435 1121 2477; x_wconf 84' lang='lat' dir='ltr'>levabat.</span> 
     </span>
     <span class='ocr_line' id='line_1_38' title="bbox 159 2497 1184 2554; baseline -0.004 -12"><span class='ocrx_word' id='word_1_237' title='bbox 159 2502 232 2543; x_wconf 89' lang='lat' dir='ltr'>sed</span> <span class='ocrx_word' id='word_1_238' title='bbox 257 2516 338 2542; x_wconf 93' lang='lat' dir='ltr'>non</span> <span class='ocrx_word' id='word_1_239' title='bbox 364 2500 604 2541; x_wconf 86' lang='lat' dir='ltr'>Dardaniae</span> <span class='ocrx_word' id='word_1_240' title='bbox 630 2499 825 2541; x_wconf 87' lang='lat' dir='ltr'>medicari</span> <span class='ocrx_word' id='word_1_241' title='bbox 851 2498 1033 2554; x_wconf 88' lang='lat' dir='ltr'>cuspidis</span> <span class='ocrx_word' id='word_1_242' title='bbox 1056 2497 1184 2538; x_wconf 82' lang='lat' dir='ltr'>ictum</span> 
     </span>
     <span class='ocr_line' id='line_1_39' title="bbox 162 2562 1190 2615; baseline -0.007 -9"><span class='ocrx_word' id='word_1_243' title='bbox 162 2563 318 2606; x_wconf 90' lang='lat' dir='ltr'>evaluit</span> <span class='ocrx_word' id='word_1_244' title='bbox 342 2577 476 2615; x_wconf 90' lang='lat' dir='ltr'>neque</span> <span class='ocrx_word' id='word_1_245' title='bbox 501 2578 596 2604; x_wconf 89' lang='lat' dir='ltr'>eum</span> <span class='ocrx_word' id='word_1_246' title='bbox 621 2563 763 2603; x_wconf 90' lang='lat' dir='ltr'>iuvere</span> <span class='ocrx_word' id='word_1_247' title='bbox 787 2562 830 2602; x_wconf 91' lang='lat' dir='ltr'>in</span> <span class='ocrx_word' id='word_1_248' title='bbox 855 2562 1021 2603; x_wconf 89' lang='lat' dir='ltr'>volnere</span> <span class='ocrx_word' id='word_1_249' title='bbox 1046 2567 1190 2602; x_wconf 88' lang='lat' dir='ltr'>cantus</span> 
     </span>
     <span class='ocr_line' id='line_1_40' title="bbox 161 2621 1279 2680; baseline -0.004 -13"><span class='ocrx_word' id='word_1_250' title='bbox 161 2626 373 2669; x_wconf 84' lang='lat' dir='ltr'>somniferi</span> <span class='ocrx_word' id='word_1_251' title='bbox 399 2633 439 2666; x_wconf 88' lang='lat' dir='ltr'>et</span> <span class='ocrx_word' id='word_1_252' title='bbox 462 2625 617 2666; x_wconf 86' lang='lat' dir='ltr'>Marsis</span> <span class='ocrx_word' id='word_1_253' title='bbox 642 2625 854 2680; x_wconf 87' lang='lat' dir='ltr'>quaesitae</span> <span class='ocrx_word' id='word_1_254' title='bbox 878 2623 1088 2665; x_wconf 87' lang='lat' dir='ltr'>montibus</span> <span class='ocrx_word' id='word_1_255' title='bbox 1114 2621 1279 2664; x_wconf 88' lang='lat' dir='ltr'>herbae.</span> 
     </span>
    </p>
   </div>
  </div>
 </body>
</html>
