1660 2847
89 303 151 334 175

87 613 151 644 180

87 924 149 955 185

88 1234 152 1265 190

88 1546 151 1578 195

88 1858 152 1889 200

91 2480 156 2511 210

181 177 262 221 172
594 188 637 222 P.
658 186 868 224 VERGILI
892 187 1116 223 MAnole

177 291 220 333 in
244 307 358 334 mare
382 292 650 347 praecipitem
677 291 806 347 puppi
832 291 1026 333 deturbat
1050 292 1103 333 ab
1127 291 1230 342 alta3

176 354 264 409 ipse
290 355 544 408 gubernaclo
569 361 704 395 rector
728 353 852 402 subit,
878 353 966 407 ipse
990 353 1201 408 magister,

176 416 445 470 hortaturque
471 417 580 457 viros
606 417 854 469 clavumque
880 416 931 456 ad
956 416 1076 457 litora
1100 423 1277 469 torquet.

177 486 218 519 at
242 479 382 533 gravis
408 486 455 519 ut
478 479 609 519 fundo
635 478 704 518 vix
729 478 896 519 tandem
921 478 1105 519 redditus
1131 479 1213 518 imo
1240 485 1315 526 est,

175 541 259 581 iam
285 541 421 581 senior
445 541 695 593 madidaque
720 541 852 581 fluens
877 539 920 580 in
944 547 1072 589 veste,
1097 541 1331 589 Menoetes,

175 618 339 644 summa
363 603 467 657 petit
491 603 650 657 scopuli
675 603 867 655 siccaque
891 602 934 642 in
958 617 1061 656 rupe
1086 602 1251 645 resedit.

174 665 292 706 illum
317 672 358 706 et
381 665 591 706 labentem
616 665 769 706 Teucri
795 673 833 705 et
858 664 984 705 risere
1008 671 1220 706 natantem

178 734 218 768 et
243 727 372 768 salsos
398 727 533 768 rident
556 733 839 768 revomentem
864 733 1030 781 pectore
1054 727 1219 768 fluctus.

176 789 243 830 hic
268 790 376 830 laeta
401 789 595 831 extremis
621 804 715 844 spes
741 796 803 830 est
828 803 1002 830 accensa
1025 788 1202 838 duobus,

177 850 373 906 Sergesto
398 851 708 905 Mnestheique,
735 850 862 906 Gyan
888 865 1084 905 superare
1109 856 1353 891 morantem.

176 912 400 968 Sergestus
425 913 537 968 capit
561 921 656 955 ante
680 913 817 954 locum
844 913 1098 967 scopuloque
1123 912 1386 967 propinquat,

175 990 254 1016 nec
278 982 366 1016 tota
390 982 529 1017 tamen
554 976 622 1016 ille
647 975 759 1030 prior
782 982 1008 1029 praeeunte
1033 975 1192 1023 carina3

175 1044 291 1092 parte
316 1037 440 1092 prior,
465 1044 626 1092 partem
650 1044 783 1078 rostro
809 1037 957 1091 premit
983 1037 1147 1078 aemula
1170 1035 1332 1077 Pristis.

176 1107 220 1141 at
242 1100 380 1142 media
405 1100 536 1141 socios
562 1100 758 1141 incedens
782 1114 889 1141 nave
914 1114 987 1154 per
1012 1099 1124 1154 ipsos

176 1161 364 1203 hortatur
388 1163 655 1204 Mnestheus:
683 1167 825 1211 ‘nunc‚
850 1176 961 1203 nunc
985 1161 1187 1216 insurgite
1211 1160 1349 1211 remis,

176 1224 377 1265 Hectorei
403 1224 516 1272 socii,
542 1224 695 1264 Troiae
720 1237 822 1276 quos
850 1230 958 1264 sorte
983 1237 1177 1277 suprema

178 1286 315 1341 delegi
341 1286 531 1335 comites;
557 1299 669 1327 nunc
692 1286 783 1326 illas
809 1285 985 1340 promite
1009 1285 1131 1334 vires,

176 1363 288 1390 nunc
313 1348 485 1397 animos,
511 1348 663 1402 quibus
687 1348 729 1389 in
756 1347 945 1389 Gaetulis
972 1346 1166 1401 Syrtibus
1192 1347 1255 1387 usi

175 1410 378 1464 Ionioque
403 1411 507 1451 mari
531 1411 782 1463 Maleaeque
808 1410 1058 1464 sequacibus
1083 1409 1218 1450 undis.

175 1487 258 1514 non
283 1473 366 1513 iam
392 1473 526 1527 prima
551 1479 647 1527 peto
673 1472 923 1514 Mnestheus
948 1486 1084 1526 neque
1109 1472 1274 1513 vincere
1298 1478 1428 1520 certo3

177 1549 430 1589 quamquam
446 1549 469 1575 o
485 1559 538 1563 —
553 1535 626 1575 sed
639 1541 846 1588 superent,
862 1534 1012 1588 quibus
1028 1534 1119 1583 hoe,
1132 1534 1341 1589 Neptune,
1357 1534 1525 1576 dedisti:

177 1605 383 1639 extremos
408 1597 566 1652 pudeat
589 1597 779 1646 rediisse3
805 1597 884 1638 hoc
908 1597 1074 1645 vincite,
1101 1597 1226 1646 cives,

177 1667 217 1701 et
240 1659 457 1714 prohibete
481 1660 626 1701 nefas?
675 1660 745 1700 olli
771 1660 996 1700 certamine
1022 1673 1184 1699 summo

177 1721 475 1776 procumbunt3
501 1722 628 1762 vastis
653 1722 792 1763 tremit
815 1722 966 1763 ictibus
991 1736 1112 1763 aerea
1136 1721 1300 1776 puppiS,

177 1784 515 1838 subtrahiturque
542 1785 693 1833 solum3
720 1792 808 1825 tum
834 1784 978 1826 creber
1002 1783 1207 1825 anhelitus
1233 1790 1346 1825 artus

177 1847 376 1901 aridaque
401 1861 475 1888 ora
498 1846 644 1900 quatit,
670 1846 796 1887 sudor
819 1847 910 1887 fluit
934 1846 1118 1899 undique
1142 1846 1255 1887 rivis.

178 1909 315 1950 attulit
339 1910 428 1964 ipse
453 1909 551 1950 viris
576 1916 764 1963 optatum
790 1924 910 1950 casus
936 1909 1148 1950 honorem.

178 1986 357 2024 namque
382 1971 524 2012 furens
550 1971 676 2011 animi
702 1971 802 2012 dum
826 1985 991 2026 proram
1015 1971 1068 2012 ad
1093 1986 1194 2012 saxa
1218 1970 1421 2025 suburget

178 2034 347 2074 interior
372 2034 590 2088 spatioque
615 2034 728 2074 subit
753 2033 975 2087 Sergestus
1000 2033 1156 2087 iniquo,

180 2095 324 2137 infelix
350 2096 459 2136 saxis
484 2095 526 2136 in
551 2096 889 2150 procurrentibus
914 2096 1058 2136 haesit.

137 2169 149 2174 ”
179 2172 404 2199 concussae
430 2166 586 2206 cautes,
613 2166 652 2199 et
676 2166 798 2199 acuto
823 2159 865 2199 in
889 2158 1046 2199 murice
1072 2157 1173 2198 remi

179 2220 321 2261 obnixi
347 2235 545 2275 crepuere
569 2220 772 2274 inlisaque
798 2235 920 2275 prora
944 2220 1152 2275 pependit.

180 2289 437 2337 consurgunt
460 2289 612 2323 nautae
637 2289 678 2323 et
701 2297 855 2337 magno
880 2282 1059 2324 clamore
1083 2287 1299 2322 morantur

179 2344 437 2397 ferratasque
462 2344 603 2385 trudes
629 2352 670 2385 et
695 2351 817 2385 acuta
841 2345 1012 2399 cuspide
1038 2351 1180 2385 contos

182 2406 410 2460 expediunt
433 2406 668 2459 fractosque
693 2406 839 2461 legunt
862 2406 905 2447 in
930 2406 1095 2461 gurgite
1120 2419 1269 2446 remos.

179 2475 223 2509 at
245 2469 378 2509 laetus
404 2468 650 2509 Mnestheus
676 2483 954 2522 successuque
980 2468 1111 2509 acrior
1134 2468 1224 2522 ipso

183 2531 349 2586 agmine
374 2545 584 2571 remorum
609 2531 731 2571 celeri
757 2531 974 2584 ventisque
1000 2530 1155 2571 vocatis

181 2608 312 2648 prona
338 2593 438 2647 petit
465 2593 594 2633 maria
620 2600 660 2633 et
683 2593 833 2647 pelago
859 2592 1039 2634 decurrit
1063 2599 1217 2646 aperto.

183 2655 315 2713 qualis
342 2655 540 2713 spelunca
565 2655 700 2697 subito
727 2663 933 2697 commota
957 2655 1163 2705 columba,
