1660 2847
517 158 771 195 AENEIDOS
794 159 888 195 LIB.
912 160 980 195 IX„
1340 151 1422 195 273

83 279 277 321 rumpere
300 264 480 306 claustra
503 279 631 305 manu
656 262 874 317 sociosque
897 262 1104 306 inmittere
1127 264 1270 320 portis,

81 327 250 369 ultimus
275 327 343 368 ille
368 326 454 367 dies
479 326 589 368 bello
613 325 812 381 gentique
835 325 1000 367 fuisset:

81 390 154 430 sed
178 390 291 430 furor
316 388 529 430 ardentem
554 388 776 443 caedisque
800 387 946 429 insana
971 388 1123 443 cupido

81 452 166 507 egit
189 451 231 492 in
256 451 464 492 adversos.

79 513 281 567 principio
305 512 518 553 Phalerim
543 519 583 554 et
607 511 768 554 succiso
792 512 949 567 poplite
975 511 1130 568 Gygen

79 575 249 629 excipit:
274 574 369 616 hinc
393 581 533 630 raptas
557 574 815 630 fugientibus
839 573 994 628 ingerit
1018 575 1158 615 hastas

77 636 119 676 in
144 645 284 690 tergus
293 653 303 686 3
328 636 435 677 Iuno
461 636 568 678 vires
594 637 862 690 animumque
887 635 1105 677 ministrat.

77 698 191 739 addit
215 699 372 753 Halym
396 699 589 740 comitem
615 706 655 740 et
679 699 842 740 confixa
864 698 1038 753 Phegea
1062 713 1219 753 parma,

75 759 242 815 ignaros
268 760 418 802 deinde
442 761 484 802 in
508 760 636 801 muris
661 760 928 814 Martemque
953 760 1098 801 cientis

75 822 418 877 Alcandrumque
442 823 699 877 Haliumque
723 822 1025 877 Noemonaque
1050 823 1367 880 Prytanimque.

74 883 248 938 Lyncea
273 885 509 927 tendentem
535 892 678 926 contra
701 885 919 939 sociosque
943 892 1164 927 vocantem

73 946 252 988 vibranti
277 947 415 1002 gladio
441 947 613 989 conixus
640 947 692 988 ab
718 962 872 1003 aggere
897 946 1043 989 dexter

73 1016 249 1064 occupat
275 1009 388 1061 (huic
412 1024 495 1050 uno
521 1010 727 1051 deiectum
753 1009 984 1050 comminus
1008 1009 1094 1051 ictu

74 1085 168 1112 cum
193 1071 314 1126 galea
337 1072 461 1126 longe
485 1071 611 1113 iacuit
636 1073 792 1126 caput),
816 1070 913 1112 inde
937 1071 1121 1113 ferarum

72 1139 321 1175 vastatorem
346 1135 571 1188 Amycum,
596 1147 680 1187 quo
704 1147 788 1174 non
812 1133 972 1176 felicior
996 1134 1100 1175 alter

72 1210 228 1249 ungere
253 1196 334 1236 tela
358 1210 485 1236 manu
509 1195 749 1249 ferrumque
774 1210 933 1236 armare
958 1210 1133 1244 veneno,

72 1264 112 1297 et
138 1256 323 1311 Clytium
348 1257 553 1299 Aeoliden
579 1265 619 1298 et
644 1257 824 1298 amicum
850 1256 1032 1299 Crethea
1055 1258 1198 1307 musis,

72 1317 253 1360 Crethea
276 1334 488 1360 musarum
514 1319 720 1368 comitem,
747 1320 813 1360 cui
838 1320 1023 1361 carmina
1046 1335 1210 1375 semper

71 1388 111 1422 et
137 1381 317 1423 citharae
343 1381 456 1423 cordi
481 1396 759 1435 numerosque
783 1382 996 1423 intendere
1021 1382 1179 1431 nervis3

70 1459 233 1498 semper
258 1458 385 1498 equos
410 1451 534 1498 atque
559 1459 674 1485 arma
698 1444 832 1485 virum
855 1459 1102 1499 pugnasque
1129 1445 1317 1487 canebat.

126 1506 315 1547 Tandem
339 1506 531 1548 ductores
557 1507 699 1547 audita
724 1506 851 1548 caede
878 1521 1047 1547 suorum

71 1569 322 1610 conveniunt
345 1569 511 1618 Teucri,
535 1569 785 1610 Mnestheus
814 1583 990 1623 acerque
1017 1568 1223 1619 Serestus,

67 1631 327 1685 palantisque
352 1631 494 1673 vident
517 1631 649 1672 socios
674 1631 919 1685 hostemque
943 1638 1170 1686 receptum.

69 1699 110 1734 et
132 1693 379 1735 Mnestheus
405 1698 507 1748 ‘quo
533 1693 682 1735 deinde
707 1694 865 1748 fugam,
892 1708 974 1747 quo
999 1694 1211 1736 tenditis?'
1236 1695 1382 1749 inquit.

67 1754 190 1811 ‘Jquos
215 1756 316 1797 alios
340 1770 490 1806 muros,
518 1770 625 1810 quae
649 1756 731 1797 iam
756 1757 863 1797 ultra
888 1757 1051 1798 moenia
1076 1757 1264 1799 habetis?

67 1834 175 1860 unus
199 1819 322 1860 homo
348 1827 389 1860 et
412 1819 570 1868 vestris,
596 1833 620 1859 o
645 1819 768 1868 cives,
794 1819 977 1872 undique
1003 1827 1170 1874 saeptus

67 1881 291 1937 aggeribus
316 1888 450 1922 tantas
476 1888 634 1936 strages
660 1881 814 1935 inpune
839 1896 912 1936 per
936 1882 1082 1923 urbem

68 1944 266 1986 ediderit?
290 1943 487 1984 iuvenum
512 1943 666 1998 primos
692 1950 752 1983 tot
776 1943 933 1984 miserit
957 1942 1095 1985 Orco?

67 2021 150 2047 non
174 2005 349 2047 infelicis
373 2005 530 2060 patriae
555 2012 824 2059 veterumque
850 2005 1022 2047 deorum

67 2076 109 2110 et
131 2068 274 2123 magni
297 2069 484 2116 Aeneae,
510 2082 674 2122 segnes,
700 2068 948 2121 miseretque
973 2067 1228 2123 pudetque?'

66 2131 217 2172 talibus
243 2130 404 2172 accensi
429 2130 645 2171 firmantur
669 2136 710 2171 et
734 2130 898 2185 agmine
924 2130 1053 2172 denso

66 2193 307 2235 consistunt.
356 2192 525 2233 Turnus
550 2192 750 2247 paulatim
776 2192 975 2234 excedere
1001 2208 1144 2248 pugna

66 2264 107 2297 et
129 2255 302 2296 fluvium
326 2262 465 2309 petere
490 2270 539 2296 ac
563 2262 735 2309 partem,
762 2269 870 2308 quae
896 2255 1077 2310 cingitur
1101 2255 1226 2298 unda.

65 2318 199 2359 acrius
225 2317 303 2358 hoc
326 2317 479 2358 Teucri
504 2317 682 2358 clamore
706 2317 947 2360 incumbere
972 2333 1124 2374 magno

64 2387 105 2422 et
130 2381 358 2436 glomerare
382 2395 564 2428 manum,
591 2394 667 2420 ceu
691 2394 863 2420 saevum
888 2381 1010 2422 turba
1033 2382 1195 2422 leonem

65 2458 160 2485 cum
185 2442 275 2483 telis
300 2442 450 2496 premit
473 2442 657 2491 infensis,
684 2448 724 2482 at
750 2442 914 2484 territus
938 2443 1020 2492 ille,

65 2520 198 2560 asper,
225 2504 374 2545 acerba
397 2512 530 2554 tuens,
555 2512 663 2545 retro
688 2504 793 2546 redit
818 2513 856 2546 et
880 2520 1016 2560 neque
1041 2512 1159 2560 terga

63 2568 124 2608 ira
149 2567 247 2608 dare
272 2574 343 2607 aut
367 2567 497 2608 virtus
521 2567 677 2623 patitur
700 2582 777 2608 nec
801 2568 970 2610 tendere
995 2576 1138 2610 contra

63 2630 131 2671 ille
155 2630 325 2683 quidem
349 2630 426 2671 hoc
452 2631 622 2686 cupiens
647 2630 755 2686 potis
781 2637 841 2672 est
866 2645 940 2686 per
965 2631 1046 2673 tela
1071 2631 1282 2685 virosque:

135 2696 263 2730 Veryx‘lius
277 2696 318 2722 ed.
335 2696 419 2724 Tln'lo.
1138 2697 1182 2731 18

1449 276 1512 309 755

1448 587 1512 619 760

1445 897 1508 929 765

1439 1519 1502 1550 775

1437 1831 1501 1863 780

1435 2144 1496 2175 785

1432 2458 1496 2488 790
