1660 2847
202 161 282 204 152
609 170 651 205 Ρ.
672 171 882 208 VERGILI
906 171 1131 208 MARONIS

199 275 356 316 abnuat
380 281 450 316 aut
475 281 613 317 tecum
637 275 753 316 malit
778 276 1024 318 contendere
1051 277 1182 319 bello?

197 337 231 378 si
255 338 378 379 modo
405 337 517 390 quod
541 352 745 379 memoras
771 338 926 379 factum
952 339 1120 380 fortuna
1143 346 1353 393 sequatur.

109 409 172 441 110
197 399 271 441 sed
295 400 390 441 fatis
416 400 572 440 incerta
595 399 719 449 feror,
746 400 779 440 si
803 400 991 455 Iuppiter
1015 417 1141 442 unam

106 721 167 752 115

104 1034 168 1065 120

103 1345 166 1376 125

103 1657 166 1688 130

104 1968 165 2000 135

105 2280 168 2310 140

196 477 286 504 esse
311 462 410 503 velit
434 462 572 516 Tyriis
597 462 744 503 urbem
768 463 978 516 Troiaque
1002 464 1197 518 profectis

194 524 411 566 miscerive
436 523 584 578 probet
606 524 782 579 populos
808 532 881 565 aut
904 524 1072 566 foedera
1096 526 1225 580 iungi.

195 593 241 628 tu
267 586 461 634 coniunx,
487 586 562 626 tibi
586 586 649 627 fas
675 586 858 627 animum
884 593 1086 642 temptare
1111 587 1332 642 precando.

194 663 342 704 perge3
369 648 544 702 sequar.'
571 654 660 689 tum
685 648 743 690 sic
769 649 932 703 excepit
955 649 1070 703 regia
1094 649 1218 691 Iuno:

193 715 376 752 ‘mecum
402 710 479 752 erit
502 710 578 752 iste
602 710 733 752 labor.
781 725 893 752 nuno
918 725 1000 765 qua
1025 711 1181 754 ratione
1206 711 1318 766 quod
1341 711 1467 752 instat

194 773 362 815 confieri
387 773 529 828 possit,
555 772 713 828 paucis,
740 772 922 822 adverte,
949 773 1122 815 docebo.

194 843 392 877 venatum
418 836 586 876 Aeneas
612 849 778 889 unaque
802 835 1032 876 miserrima
1058 835 1170 877 Dido

192 898 235 939 in
259 912 405 939 nemus
430 898 489 939 ire
514 904 675 952 parant,
700 897 773 938 ubi
798 898 952 952 primos
978 898 1180 939 crastinus
1206 904 1318 939 ortus

194 960 387 1001 extulerit
411 960 538 1000 Titan
562 960 773 1013 radiisque
798 959 993 1000 retexerit
1017 959 1172 1000 orbem.

192 1023 256 1064 his
283 1037 361 1077 ego
386 1022 622 1075 nigrantem
648 1021 872 1063 commixta
897 1021 1100 1076 grandine
1125 1021 1328 1070 nimbum,

192 1085 292 1126 dum
317 1084 525 1139 trepidant
550 1084 640 1125 alae
666 1084 879 1137 saltusque
904 1083 1100 1138 indagine
1126 1084 1311 1138 cingunt,

192 1147 370 1201 desuper
394 1146 612 1187 infundam
639 1153 680 1187 et
702 1146 856 1186 tonitru
882 1146 1044 1187 caelum
1071 1160 1192 1187 omne
1219 1145 1350 1187 ciebo.

193 1209 416 1264 diffugient
441 1209 611 1249 comites
638 1215 678 1249 et
701 1215 822 1250 nocte
848 1215 1042 1263 tegentur
1067 1223 1215 1263 opaca3

192 1272 431 1326 speluncam
457 1271 571 1311 Dido
597 1270 682 1311 dux
707 1277 749 1312 et
772 1270 979 1311 Troianus
1005 1270 1180 1312 eandem

193 1333 426 1375 devenient.
476 1333 600 1374 adero
626 1340 678 1381 et,
705 1339 778 1374 tua
802 1332 836 1374 si
860 1332 960 1373 mihi
986 1341 1098 1374 certa
1123 1333 1327 1381 voluntas,

195 1395 392 1451 [conubio
418 1395 589 1450 iungam
615 1395 751 1436 stabili
775 1395 1069 1449 propriamque
1094 1393 1263 1448 dicabo]

191 1458 258 1499 hic
283 1458 539 1512 hymenaeus
566 1457 668 1498 erit.'
716 1471 798 1497 non
824 1457 1043 1498 adversata
1067 1456 1225 1512 petenti

192 1520 338 1561 adnuit
362 1527 487 1574 atque
512 1519 616 1560 dolis
641 1519 729 1560 risit
755 1518 966 1574 Cytherea
990 1518 1177 1574 repertis.

249 1581 470 1623 Oceanum
494 1582 652 1623 interea
677 1597 852 1637 surgens
877 1583 1044 1623 Aurora
1067 1581 1251 1635 reliquit:

191 1645 222 1687 it
246 1645 374 1700 portis
399 1644 543 1686 iubare
569 1651 710 1686 exorto
737 1644 897 1685 delecta
921 1644 1113 1685 iuventus
1123 1660 1133 1693 3

191 1707 295 1749 retia
319 1722 424 1755 rara,
449 1707 612 1761 plagae,
637 1706 720 1747 lato
747 1706 955 1748 venabula
979 1706 1101 1754 ferro,

191 1769 452 1824 Massylique
478 1776 602 1809 ruunt
629 1769 786 1822 equites
811 1776 853 1810 et
876 1768 1004 1809 odora
1028 1783 1178 1809 canum
1204 1767 1278 1809 vis.

191 1832 379 1886 regissam
404 1831 586 1871 thalamo
612 1838 875 1871 cunctantem
902 1830 953 1871 ad
978 1830 1122 1870 limina
1146 1829 1268 1884 primi

191 1894 431 1935 Poenorum
458 1900 690 1948 expectant,
717 1900 911 1947 ostroque
936 1892 1110 1947 insignis
1137 1900 1176 1933 et
1201 1906 1301 1933 auro

192 1963 274 1998 stat
297 1956 462 2011 sonipes
488 1970 536 1996 ac
560 1955 677 1996 frena
701 1955 818 1996 ferox
844 1955 1079 2010 spumantia
1102 1954 1274 1995 mandit.

192 2018 359 2059 tandem
385 2018 648 2072 progreditur
672 2032 825 2072 magna
850 2017 1026 2072 stipante
1052 2024 1229 2065 caterva,

195 2080 411 2121 Sidoniam
436 2080 546 2135 picto
572 2080 834 2134 chlamydem
860 2079 1114 2121 circumdata
1138 2079 1278 2119 limbo.

193 2143 258 2184 cui
283 2143 477 2197 pharetra
502 2158 553 2184 ex
579 2157 692 2190 auro,
719 2142 852 2184 crines
877 2143 1083 2183 nodantur
1107 2142 1148 2182 in
1174 2156 1335 2190 aurum,

194 2220 320 2246 aurea
343 2220 596 2260 purpuream
622 2205 829 2246 subnectit
853 2204 983 2246 fibula
1008 2211 1177 2245 vestem.

192 2281 269 2308 nec
293 2281 376 2308 non
402 2275 441 2308 et
464 2266 641 2321 Phrygii
667 2267 837 2308 comites
863 2274 903 2307 et
927 2267 1059 2307 laetus
1084 2266 1200 2306 Iulus

192 2329 408 2371 incedunt:
433 2329 521 2383 ipse
547 2336 641 2370 ante
667 2328 767 2369 alios
792 2328 1093 2383 pulcherrimus
1119 2327 1251 2368 omnis

192 2391 318 2433 infert
342 2406 385 2432 se
411 2391 568 2433 socium
594 2392 762 2432 Aeneas
788 2398 910 2445 atque
937 2391 1104 2445 agmina
1127 2390 1280 2444 iungit3

193 2454 328 2507 qualis
353 2454 426 2494 ubi
451 2454 667 2494 hibernam
692 2453 870 2508 Lyciam
894 2452 1140 2506 Xanthique
1165 2452 1320 2493 fluenta

195 2515 345 2557 deserit
370 2530 418 2556 ac
442 2515 598 2557 Delum
624 2523 853 2557 maternam
878 2515 1016 2556 invisit
1042 2515 1196 2569 Apollo

107 2589 169 2620 145
201 2578 484 2632 instauratque
511 2578 672 2627 choros,
697 2578 897 2632 mixtique
923 2577 1068 2619 altaria
1092 2577 1247 2617 circum

197 2640 427 2695 Cretesque
451 2641 731 2697 Dryopesque
755 2641 937 2682 fremunt
961 2639 1141 2695 pictique
1167 2637 1414 2695 Agathyrsi3
