1622 2847
581 144 785 183 ECLOGA
808 145 912 182 VIII.
1371 138 1423 181 21

76 259 194 295 terna
216 252 291 294 tibi
315 250 419 294 haec
442 251 623 307 primum
647 250 798 306 triplici
823 249 990 294 diversa
1014 249 1152 293 colore

75 315 170 357 licia
195 315 406 357 circumdo
431 321 577 368 terque
601 313 706 355 haec
731 312 877 354 altaria
901 312 1058 354 circum

76 377 258 433 effigiem
282 377 407 426 duco3
432 391 605 418 numero
631 376 733 418 deus
758 375 902 430 inpare
926 374 1096 430 gaudet.
1450 387 1490 418 75

162 439 316 496 [ducite
330 440 383 481 ab
396 439 499 481 urbe
514 439 698 489 domum,
709 453 804 480 mea
817 438 1014 488 carmina,
1024 437 1163 481 ducite
1171 437 1422 496 Daphnim]

73 510 193 544 necte
217 502 348 544 tribus
373 502 493 543 nodis
518 509 672 552 ternos,
697 501 920 556 Amarylli,
947 502 1118 551 colores,

73 572 206 614 necte,
231 565 453 620 Amarylli‚
478 564 602 606 modo
627 571 667 606 et
692 563 909 607 ‘Veneris’
934 563 1002 605 dic
1027 563 1214 606 ‘vincula
1237 566 1386 608 necto?

159 627 296 669 ducite
311 627 364 668 ab
377 627 481 668 urbe
502 627 686 676 domum,
707 641 801 669 mea
819 625 1018 675 carmina,
1039 625 1179 670 ducite
1191 627 1420 684 Daphnim.

70 689 191 744 limus
216 696 263 730 ut
286 689 354 731 hic
379 690 559 731 durescit
587 696 627 731 et
651 688 755 731 haec
779 696 827 730 ut
851 703 946 731 cera
969 689 1163 743 liquescit
1445 700 1489 731 80

69 766 153 793 uno
178 751 408 806 eodemque
432 752 534 807 igni,
560 752 619 793 sic
642 758 784 793 nostro
808 751 1005 806 Daphnis
1030 766 1182 795 amore.

69 829 218 870 sparge
243 815 396 856 molam
422 822 462 856 et
485 814 645 870 fragilis
669 814 848 856 incende
872 814 1078 856 bitumine
1102 815 1258 857 laurus.

68 875 261 932 Daphnis
285 892 351 918 me
375 877 510 918 malus
535 877 630 927 urit,
657 891 735 932 ego
760 876 869 922 hanc
892 876 936 918 in
960 876 1187 932 Daphnide
1211 878 1389 921 laurum.

152 939 291 982 ducite
305 940 358 981 ab
376 940 481 981 urbe
500 940 683 990 domum,
701 954 797 981 mea
817 939 1014 989 carmina,
1034 940 1172 983 ducite
1185 940 1416 997 Daphnim.

67 1001 159 1043 talis
184 1017 300 1043 amor
323 1002 553 1057 Daphnim,
578 1002 713 1056 qualis
739 1016 834 1043 cum
858 1002 970 1044 fessa
993 1003 1219 1045 iuvencum
1441 1013 1483 1045 85

65 1079 140 1119 per
163 1079 333 1106 nemora
356 1072 480 1118 atque
505 1065 610 1106 altos
634 1064 874 1118 quaerendo
899 1064 1055 1106 bucula
1077 1065 1194 1107 lucos

65 1135 233 1181 propter
257 1141 390 1181 aquae
414 1127 551 1168 rivum
575 1127 697 1168 viridi
721 1126 960 1182 procumbit
983 1127 1027 1168 in
1051 1127 1164 1178 ulva,

64 1189 240 1245 perdita,
264 1204 342 1231 nec
367 1204 483 1231 serae
507 1189 697 1231 meminit
722 1189 924 1231 decedere
949 1190 1076 1240 nocti,

64 1252 157 1294 talis
182 1267 298 1294 amor
321 1260 473 1302 teneat,
497 1267 576 1294 nec
602 1253 654 1294 sit
677 1251 780 1293 mihi
805 1267 905 1294 cura
928 1252 1099 1295 mederi.

148 1315 287 1357 ducite
306 1315 358 1356 ab
378 1315 482 1357 urbe
503 1315 687 1364 domum,
707 1330 802 1357 mea
815 1315 1012 1364 carmina,
1033 1315 1173 1358 ducite
1185 1315 1412 1373 Daphnim.
1438 1329 1480 1360 90

62 1378 137 1419 has
162 1378 260 1420 olim
284 1378 456 1420 exuvias
479 1378 582 1419 mihi
606 1378 791 1433 perfidus
815 1378 885 1420 ille
909 1379 1091 1433 reliquit,

61 1441 238 1497 pignora
262 1455 357 1483 cara
381 1441 464 1482 sui:
489 1455 597 1495 quae
621 1456 734 1482 nunc
759 1455 837 1497 ego
861 1441 1004 1483 limine
1029 1441 1073 1483 in
1097 1441 1203 1497 ipso,

60 1510 182 1554 terra,
207 1504 282 1545 tibi
306 1504 457 1545 mando
466 1520 476 1553 3
504 1504 657 1546 debent
681 1503 785 1545 haec
809 1503 987 1559 pignora
1010 1503 1240 1559 Daphnim.

146 1567 283 1608 ducite
303 1567 357 1608 ab
376 1567 480 1609 urbe
500 1566 684 1616 domum,
699 1581 794 1608 mea
815 1567 1013 1617 carmina,
1027 1567 1165 1609 ducite
1179 1567 1408 1625 Daphnim.

59 1629 135 1671 has
159 1630 309 1671 herbas
334 1637 459 1684 atque
483 1629 588 1672 haec
611 1629 749 1671 Ponto
774 1629 877 1671 mihi
900 1630 1009 1671 lecta
1033 1645 1196 1672 venena
1434 1640 1475 1671 95

58 1693 146 1748 ipse
171 1693 284 1734 dedit
306 1692 466 1734 Moeris
491 1694 735 1746 (nascuntur
758 1692 939 1747 plurima
961 1692 1132 1746 Ponto),

59 1755 122 1796 his
147 1770 226 1810 ego
251 1770 376 1810 saepe
400 1755 546 1810 lupum
570 1754 660 1797 fieri
685 1762 725 1796 et
749 1770 793 1796 se
818 1755 997 1797 condere
1023 1755 1137 1797 silvis

57 1817 252 1867 Moerim,
278 1832 403 1873 saepe
428 1817 588 1859 animas
612 1817 706 1858 imis
731 1817 869 1859 excire
894 1817 1125 1873 sepulchris

59 1888 182 1935 atque
208 1887 318 1922 satas
342 1880 423 1922 alio
447 1880 534 1922 vidi
558 1880 776 1922 traducere
799 1880 961 1922 messis.

143 1943 280 1985 ducite
299 1943 352 1984 ab
372 1943 476 1985 urbe
496 1943 680 1992 domum,
694 1958 788 1985 mea
808 1944 1006 1993 carmina,
1021 1943 1160 1986 ducite
1176 1943 1403 2001 Daphnim.
1433 1954 1495 1986 100

56 2005 119 2048 fer
143 2005 315 2055 eineres,
341 2005 563 2061 Amarylli,
587 2005 699 2047 foras
724 2005 898 2059 rivoque
922 2006 1068 2047 fluenti

55 2075 252 2122 transque
277 2075 401 2123 caput
425 2068 527 2117 iace,
552 2083 631 2109 nec
654 2068 899 2123 respexeris.
925 2068 990 2110 his
1017 2083 1095 2124 ego
1121 2069 1338 2125 Daphnim

57 2131 294 2185 adgrediar3
318 2130 421 2171 nihil
445 2131 514 2171 ille
540 2129 653 2179 deos,
678 2131 737 2172 nil
763 2131 946 2172 carmina
970 2139 1100 2173 curat.

142 2193 278 2234 ducite
298 2192 350 2234 ab
370 2193 473 2234 urbe
493 2192 677 2242 domum,
697 2208 791 2235 mea
810 2193 1006 2243 carmina,
1021 2193 1160 2236 ducite
1172 2194 1402 2252 Daphnim.

56 2255 207 2310 aspice,
233 2255 429 2310 corripuit
453 2255 640 2297 tremulis
666 2256 813 2298 altaria
836 2256 1014 2298 flammis
1429 2268 1492 2300 105

56 2325 203 2372 sponte
228 2332 315 2368 sua,
341 2318 441 2359 dum
466 2318 574 2360 ferre
598 2333 750 2368 moror,
776 2319 878 2360 cinis
902 2320 1004 2375 ipse.
1030 2320 1189 2361 bonum
1213 2321 1284 2363 sit!

55 2380 194 2421 nescio
219 2380 319 2434 quid
343 2388 454 2423 certe
479 2388 552 2429 est,
579 2388 620 2422 et
644 2381 788 2435 Hylax
812 2382 856 2423 in
879 2382 1022 2424 limine
1046 2384 1181 2425 latrat.

56 2443 287 2484 credimus?
313 2458 366 2484 an
390 2443 462 2497 qui
487 2451 642 2492 amant,
667 2444 746 2498 ipsi
772 2445 851 2485 sibi
877 2446 1036 2486 somnia
1060 2446 1249 2502 fingunt?

54 2506 225 2559 parcite,
252 2504 305 2546 ab
329 2505 433 2549 urbe
458 2507 584 2556 venit,
609 2506 693 2547 iam
718 2507 888 2562 parcite,
913 2509 1109 2559 carmina,
1134 2509 1355 2565 Daphnis]
