1660 2847
556 123 809 163 AENEIDOS
831 124 928 160 LIB.
952 124 1000 160 X.
1365 113 1449 158 275

530 508 1027 563 AENEIDOS

640 713 832 754 LIBER
859 713 911 752 X.

159 846 366 888 Panditur
388 845 546 889 interea
569 846 719 888 domus
743 846 1037 902 omnipotentis
1065 844 1240 902 Olympi

105 909 408 963 conciliumque
431 916 553 951 vocat
576 909 719 951 divum
743 916 861 964 pater
885 915 1009 963 atque
1034 908 1249 950 hominum
1273 924 1348 951 rex

105 971 307 1013 sideream
331 972 373 1013 in
399 972 553 1020 sedem,
579 979 709 1013 terras
733 972 844 1013 unde
870 972 1025 1013 arduus
1050 986 1194 1013 omnes

105 1040 324 1087 castraque
347 1033 640 1075 Dardanidum
666 1034 882 1088 adspectat
905 1034 1168 1089 populosque
1192 1034 1382 1076 Latinos.

104 1096 325 1138 considunt
348 1096 466 1138 tectis
492 1096 790 1152 bipatentibus,
814 1096 959 1151 incipit
984 1097 1091 1151 ipse:

104 1158 344 1200 ‘caelicolae
368 1159 524 1214 magni,
550 1159 747 1213 quianam
772 1159 977 1200 sententia
1001 1158 1120 1199 vobis

103 1235 225 1262 versa
248 1228 358 1262 retro
383 1228 628 1275 tantumque
653 1220 799 1262 animis
825 1221 990 1262 certatis
1014 1220 1192 1274 iniquis?

105 1283 331 1325 abnueram
357 1284 466 1325 bello
490 1284 655 1325 Italiam
682 1298 927 1325 concurrere
952 1283 1139 1325 Teucris.

105 1360 212 1399 quae
238 1353 381 1387 contra
405 1347 579 1387 vetitum
605 1346 834 1387 discordia?
865 1345 957 1399 quis
982 1352 1118 1387 metus
1143 1352 1215 1386 aut
1238 1345 1314 1388 hos

104 1414 178 1449 aut
199 1408 274 1449 hos
300 1423 415 1449 arma
439 1409 557 1462 sequi
585 1409 824 1462 ferrumque
849 1409 1052 1449 lacessere
1078 1407 1233 1449 suasit?

105 1470 298 1512 adveniet
320 1470 476 1511 iustum
500 1485 680 1525 pugnae,
705 1485 758 1511 ne
784 1470 992 1519 arcessite,
1018 1477 1195 1525 tempus,

105 1547 200 1573 cum
224 1532 313 1574 fera
336 1533 558 1587 Karthago
584 1532 784 1574 Romanis
810 1532 976 1573 arcibus
1001 1532 1099 1574 olim

104 1594 276 1636 exitium
300 1609 500 1649 magnum
526 1602 650 1648 atque
674 1595 807 1649 Alpes
833 1595 1013 1635 inmittet
1037 1600 1222 1649 apertas:

103 1663 193 1698 tum
218 1664 374 1699 certare
399 1657 517 1706 odiis,
542 1664 630 1698 tum
655 1672 720 1698 res
745 1657 933 1712 rapuisse
957 1656 1111 1698 licebit.

103 1734 215 1760 nunc
239 1719 359 1761 sinite
385 1726 426 1760 et
447 1720 647 1774 placitum
671 1719 768 1761 laeti
794 1719 1028 1773 componite
1053 1718 1228 1760 foedus.’

159 1781 348 1836 Iuppiter
372 1781 476 1823 haec
499 1782 656 1837 paucis,
683 1788 725 1822 at
748 1795 832 1822 non
857 1782 1003 1824 Venus
1030 1796 1156 1823 aurea
1182 1788 1326 1823 contra

103 1858 238 1898 pauca
262 1843 410 1885 refert:

105 1910 147 1947 ‘o
172 1913 303 1961 pater,
329 1920 352 1947 o
378 1906 591 1947 hominum
615 1920 837 1959 rerumque
863 1913 1031 1948 aeterna
1055 1912 1236 1960 potestas

104 1972 301 2022 (namque
326 1967 438 2008 aliud
462 1968 564 2021 quid
590 1967 655 2016 sit,
681 1968 793 2021 quod
817 1968 900 2008 iam
924 1968 1130 2022 inplorare
1156 1968 1399 2021 queamus‘?)

106 2030 251 2079 cernis,
277 2036 324 2070 ut
345 2030 546 2071 insultent
570 2030 714 2071 Rutuli
738 2030 992 2084 Turnusque
1018 2030 1176 2070 feratur

104 2106 179 2146 per
200 2092 360 2133 medios
385 2092 559 2146 insignis
586 2092 702 2145 equis
728 2092 995 2146 tumidusque
1021 2092 1204 2133 secundo

105 2153 245 2194 Marte
269 2154 388 2195 ruat?
417 2169 501 2195 non
526 2154 668 2195 clausa
693 2161 840 2209 tegunt
864 2154 947 2195 iam
972 2154 1137 2195 moenia
1161 2154 1366 2196 Teucrosz

106 2215 206 2270 quin
230 2216 337 2258 intra
360 2223 499 2271 portas
525 2222 648 2269 atque
674 2216 775 2271 ipsis
799 2217 958 2271 proelia.
981 2216 1155 2257 miscent

106 2277 330 2333 aggeribus
354 2293 591 2320 moerorum
617 2285 657 2319 et
680 2278 886 2319 inundant
910 2278 1112 2333 sanguine
1138 2277 1285 2320 fossas.

105 2341 275 2382 Aeneas
299 2341 470 2395 ignarus
497 2341 626 2382 abest.
675 2355 959 2394 numquamne
983 2340 1113 2381 levari

107 2402 322 2444 obsidione
347 2404 482 2445 sines?
507 2403 635 2443 muris
660 2403 810 2444 iterum
834 2403 1023 2444 imminet
1045 2402 1176 2444 hostis

105 2466 314 2507 nascentis
338 2466 490 2508 Troiae
515 2481 592 2507 nec
616 2480 699 2506 non
725 2466 927 2507 exercitus
955 2466 1070 2515 alter,

107 2535 232 2581 atque
256 2528 404 2570 iterum
428 2529 470 2570 in
495 2529 682 2570 Teucros
708 2529 869 2570 Aetolis
895 2529 1028 2584 surgit
1053 2528 1105 2569 ab
1131 2529 1260 2584 Arpis

107 2591 304 2646 Tydides.
353 2591 544 2645 equidem
569 2591 706 2640 credo,
732 2606 825 2633 mea
849 2591 1020 2632 volnera
1043 2598 1202 2632 restant

1158 2657 1230 2693 18³⁶

1480 1419 1522 1450 10

1482 1729 1522 1760 15

1482 2042 1524 2073 20

1483 2353 1525 2384 25
