1628 2847
219 110 301 154 326
629 116 672 151 P.
693 115 905 152 VERGILI
929 115 1155 153 MARONIS

219 222 312 273 scis,
336 228 384 264 ut
407 229 448 264 te
472 221 633 264 cunctis
658 235 799 270 unam,
824 234 1116 275 quaecumque
1141 220 1319 263 Latinae

218 285 475 341 magnanimi
499 284 612 325 Iovis
637 283 850 339 ingratum
874 283 1098 324 ascendere
1123 284 1274 333 cubile,

131 360 192 390 145
217 348 485 404 praetulerim
510 346 696 399 caelique
720 345 855 387 libens
879 345 922 386 in
947 352 1065 400 parte
1089 345 1279 387 locarim:

218 411 330 453 disce
354 419 487 459 tuum,
513 424 566 450 ne
590 423 656 450 me
680 408 859 457 incuses,
885 407 1074 457 Iuturna,
1100 408 1297 449 dolorem,

217 489 301 528 qua
324 474 414 514 visa
438 479 499 513 est
522 471 710 512 Fortuna
734 470 822 526 pati
847 484 1080 525 parcaeque
1106 471 1298 512 sinebant

218 537 364 579 cedere
389 550 454 576 res
480 534 618 583 Latio,
644 533 837 575 Turnum
863 539 903 574 et
927 539 999 573 tua
1023 533 1188 574 moenia
1212 532 1314 574 texi:

218 613 329 641 nunc
354 598 548 639 iuvenem
572 595 787 651 inparibus
813 595 934 637 video
960 609 1204 637 concurrere
1233 595 1342 644 fatis,

131 674 193 705 150
218 674 523 718 parcarumque
549 659 637 700 dies
664 665 706 700 et
729 659 792 700 vis
816 657 984 699 inimica
1007 657 1269 712 propinquat.

218 739 301 766 non
326 738 513 779 pugnam
538 721 723 776 aspicere
748 720 856 762 hanc
880 720 1024 770 oculis,
1049 734 1134 761 non
1157 720 1327 762 foedera
1351 732 1534 774 possum.

218 794 263 828 tu
288 800 362 841 pro
387 798 588 840 germano
613 783 750 838 siquid
774 782 1033 838 praesentius
1058 782 1202 832 audes,

218 864 366 905 perge3
393 848 525 889 decet.
574 846 716 887 forsan
741 846 913 887 miseros
939 845 1112 886 meliora
1137 844 1386 898 sequentur?

218 912 288 953 vix
314 927 375 961 ea,
402 925 497 952 cum
522 909 714 951 lacrimas
741 908 871 950 oculis
896 907 1073 948 Iuturna
1097 907 1283 963 profudit

130 986 192 1017 155
217 981 361 1028 terque
386 979 616 1027 quaterque
641 986 769 1012 manu
793 977 940 1026 pectus
965 970 1170 1025 percussit
1193 970 1428 1010 honestum.

219 1042 321 1078 ‘non
345 1035 525 1077 lacrimis
550 1035 629 1076 hoc
654 1033 838 1088 tempus'
865 1034 924 1074 ait
950 1031 1148 1073 Saturnia
1172 1032 1298 1073 Iuno:

219 1100 429 1141 ‘adcelera
454 1105 494 1139 et
517 1097 703 1146 fratrem,
729 1096 858 1149 siquis
883 1095 1047 1144 modus,
1075 1095 1187 1150 eripe
1212 1094 1353 1143 morti3

219 1169 291 1203 aut
314 1169 360 1202 tu
384 1161 494 1202 bella
519 1160 580 1201 cie
606 1165 938 1214 conceptumque
964 1164 1112 1199 excute
1137 1156 1299 1198 foedus.

219 1233 362 1267 auctor
386 1239 464 1279 ego
490 1222 697 1279 audendi.>
747 1222 805 1263 sic
831 1222 1047 1264 exhortata
1071 1220 1238 1274 reliquit

130 1300 193 1330 160
218 1289 418 1329 incertam
444 1293 484 1328 et
508 1286 613 1326 tristi
639 1285 848 1326 turbatam
873 1285 1044 1325 vulnere
1070 1283 1233 1325 mentis.

274 1351 440 1391 Interea
463 1363 598 1403 reges,
625 1347 784 1402 ingenti
809 1347 917 1388 mole
942 1345 1122 1387 Latinus

218 1412 468 1467 quadriiugo
493 1410 658 1451 vehitur
683 1424 821 1458 curru,
848 1409 914 1450 cui
939 1415 1127 1463 tempora
1152 1408 1308 1449 circum

219 1475 353 1516 aurati
378 1475 441 1515 bis
467 1488 540 1514 sex
565 1472 669 1513 radii
694 1471 900 1526 fulgentia
925 1472 1111 1525 cingunt,

220 1538 330 1581 Solis
356 1537 423 1578 avi
448 1536 677 1591 specimen3
702 1534 811 1590 bigis
836 1535 865 1575 it
891 1534 1060 1575 Turnus
1086 1533 1129 1574 in
1155 1533 1274 1583 albis,

132 1613 193 1644 165
219 1601 319 1642 bina
343 1614 471 1640 manu
495 1599 579 1640 lato
605 1598 790 1652 crispans
816 1597 981 1638 hastilia
1006 1596 1136 1645 ferro3

219 1664 316 1705 hinc
340 1670 458 1718 pater
483 1663 666 1710 Aeneas,
691 1660 909 1702 Romanae
933 1659 1072 1714 stirpis
1097 1659 1229 1713 origo,

221 1727 382 1768 sidereo
407 1725 590 1779 flagrans
616 1723 749 1779 clipeo
775 1729 815 1764 et
840 1722 1089 1764 caelestibus
1115 1721 1253 1769 armis,

221 1797 261 1831 et
284 1789 401 1830 iuxta
424 1787 648 1836 Ascanius,
673 1801 852 1841 magnae
878 1800 972 1840 spes
998 1785 1128 1826 altera
1151 1784 1326 1833 Romae,

219 1851 451 1908 procedunt
475 1849 632 1898 castris,
659 1862 846 1903 puraque
871 1848 915 1889 in
940 1854 1054 1889 veste
1080 1846 1274 1888 sacerdos

134 1928 196 1959 170
221 1913 415 1969 saetigeri
440 1912 572 1953 fetum
598 1912 681 1952 suis
707 1911 999 1964 intonsamque
1024 1909 1237 1950 bidentem

222 1977 360 2019 attulit
384 1975 652 2028 admovitque
678 1989 805 2029 pecus
830 1972 1105 2028 flagrantibus
1131 1971 1225 2013 aris.

220 2040 280 2082 illi
305 2039 358 2080 ad
383 2044 623 2093 surgentem
649 2036 838 2078 conversi
860 2036 1020 2077 lumina
1046 2035 1173 2076 solem

223 2104 323 2145 dant
346 2101 489 2156 fruges
515 2099 708 2140 manibus
735 2099 864 2140 salsas
890 2105 931 2140 et
954 2104 1143 2152 tempora
1167 2095 1276 2137 ferro

223 2180 387 2207 summa
411 2169 557 2204 notant
580 2161 790 2217 pecudum
816 2161 1054 2217 paterisque
1080 2159 1226 2200 altaria
1251 2158 1395 2199 libant.

135 2240 197 2272 175
223 2235 312 2270 tum
336 2227 430 2282 pius
455 2226 623 2267 Aeneas
649 2224 790 2266 stricto
816 2224 875 2265 sic
900 2238 998 2265 ense
1024 2228 1235 2278 precatur:

225 2295 334 2333 ‘esto
358 2304 471 2330 nunc
498 2287 572 2330 Sol
597 2287 712 2328 testis
739 2294 780 2328 et
804 2286 906 2328 haec
931 2285 1032 2326 mihi
1057 2284 1189 2326 Terra
1213 2282 1392 2332 vocanti,

224 2368 351 2408 quam
376 2358 544 2407 propter
569 2357 705 2391 tantos
729 2349 845 2404 potui
870 2347 1054 2403 perferre
1079 2346 1256 2394 labores,

226 2423 268 2459 et
290 2422 408 2471 pater
432 2414 694 2468 omnipotens
721 2419 762 2453 et
785 2419 830 2452 tu
856 2409 1054 2453 Saturnia
1079 2409 1273 2457 coniunx,

225 2480 309 2526 iam
333 2477 491 2526 melior,
516 2476 614 2524 iam,
641 2475 750 2524 diva,
776 2488 941 2529 precor3
967 2479 1096 2526 tuque
1120 2472 1275 2512 inclute
1300 2470 1486 2519 Mavors,

139 2556 202 2586 180
227 2548 379 2585 cuncta
402 2547 473 2580 tuo
498 2539 569 2592 qui
595 2538 716 2588 bella,
742 2544 872 2592 pater,
899 2535 977 2578 sub
1002 2534 1172 2576 numine
1198 2541 1385 2587 torques3

228 2604 438 2657 fontisque
462 2602 695 2654 fluviosque
721 2614 837 2650 voco,
863 2613 1055 2654 quaeque
1080 2597 1257 2639 aetheris
1283 2595 1356 2636 alti
