1622 2847
81 385 146 416 500

79 698 144 729 505

78 1007 144 1038 510

78 1314 142 1346 515

78 1631 144 1662 520

79 1944 143 1976 525

81 2257 147 2288 530

174 133 254 175 122
580 141 622 177 P.
645 139 856 177 VERGILI
879 139 1104 176 MARONIS

171 246 302 287 fertur
325 245 366 286 in
393 260 491 286 arva
516 245 656 286 furens
683 245 850 286 cumulo
875 258 1128 299 camposque
1152 258 1226 298 per
1250 243 1382 285 omnis

172 323 266 349 cum
292 308 464 348 stabulis
491 315 677 348 armenta
701 307 836 348 trahit.
885 306 971 348 vidi
994 307 1082 361 ipse
1107 306 1313 347 furentem

171 370 297 412 caede
323 370 642 425 Neoptolemum
667 369 937 425 geminosque
961 369 1004 410 in
1028 368 1168 409 limine
1194 367 1379 417 Atridas,

171 433 255 474 vidi
280 432 502 473 Hecubam
527 439 776 485 centumque
801 446 929 472 nurus
954 430 1253 483 Priamumque
1278 444 1351 484 per
1375 443 1467 470 aras

171 495 375 549 sanguine
401 494 639 535 foedantem
665 508 769 548 quos
794 494 882 548 ipse
908 500 1141 534 sacraverat
1165 491 1287 546 ignis.

169 557 472 611 quinquaginta
496 556 554 596 illi
579 556 762 604 thalami,
788 571 882 610 spes
909 562 1023 596 tanta
1045 561 1258 608 nepotum,

170 619 385 660 barbarico
410 626 548 673 postes
574 633 675 659 auro
701 618 924 673 spoliisque
949 617 1129 671 superbi,

169 681 445 736 procubuere3
471 687 613 722 tenent
636 680 790 728 Danai,
816 694 899 733 qua
924 679 1063 721 deficit
1086 679 1206 734 ignis.

225 743 419 784 Forsitan
443 750 484 784 et
508 742 666 783 Priami
691 743 845 784 fuerint
869 756 977 796 quae
1003 741 1088 782 fata
1112 740 1313 794 requiras,

170 805 284 847 urbis
310 805 369 846 uti
395 812 540 860 captae
567 819 709 845 casum
735 804 1013 857 convolsaque
1039 803 1143 844 vidit

168 868 311 909 limina
336 874 540 909 tectorum
566 874 606 908 et
629 867 813 908 medium
838 866 881 907 in
905 865 1186 921 penetralibus
1211 863 1386 912 hostem,

169 946 283 971 arma
308 929 379 970 diu
404 929 541 970 senior
566 929 737 970 desueta
762 928 1034 969 trementibus
1060 941 1162 968 aevo

169 992 399 1034 circumdat
422 991 677 1045 nequiquam
702 990 854 1031 umeris
881 997 922 1031 et
945 989 1089 1030 inutile
1115 988 1271 1029 ferrum

169 1054 349 1109 cingitur
373 1068 422 1095 ac
447 1053 598 1095 densos
623 1053 755 1094 fertur
779 1052 1002 1093 moriturus
1027 1052 1069 1092 in
1094 1050 1245 1092 hostes.

168 1116 342 1157 aedibus
366 1114 409 1156 in
434 1115 580 1157 mediis
605 1115 803 1168 nudoque
829 1114 906 1154 sub
933 1112 1109 1154 aetheris
1136 1126 1214 1154 axe

167 1179 315 1233 ingens
341 1193 413 1219 ara
436 1178 516 1218 fuit
539 1177 739 1231 iuxtaque
764 1176 984 1218 veterrima
1008 1176 1163 1223 laurus,

167 1241 412 1282 incumbens
440 1255 534 1281 arae
560 1247 685 1293 atque
710 1239 858 1280 umbra
883 1237 1101 1292 complexa
1125 1243 1308 1291 penates.

167 1303 235 1345 hic
260 1303 440 1345 Hecuba
465 1309 505 1344 et
528 1310 650 1343 natae
675 1301 929 1355 nequiquam
954 1300 1099 1341 altaria.
1124 1299 1292 1347 circum,

167 1366 415 1422 praecipites
441 1372 530 1407 atra
555 1380 632 1406 ceu
658 1371 901 1418 tempestate
927 1363 1158 1411 columbae,

169 1429 402 1471 condensae
427 1435 469 1469 et
493 1428 635 1469 divum
661 1427 876 1482 amplexae
901 1425 1121 1467 simulacra
1145 1423 1358 1465 sedebant.

168 1492 306 1547 ipsum
332 1497 471 1532 autem
497 1489 671 1544 sumptis
696 1489 913 1530 Priamum
937 1487 1200 1529 iuvenalibus
1226 1485 1348 1527 armis

168 1561 215 1596 ut
238 1553 354 1603 vidit,
381 1557 506 1607 ‘quae
531 1568 648 1594 mens
673 1559 758 1593 tam
784 1551 886 1601 dira,
912 1550 1142 1592 miserrime
1169 1548 1364 1598 coniunx,

168 1617 333 1672 impulit
357 1615 419 1657 his
446 1615 557 1670 cingi
581 1615 697 1656 telis?
723 1621 796 1655 aut
819 1628 901 1668 quo
926 1612 1051 1654 ruis?’
1078 1611 1225 1666 inquit.

169 1684 272 1721 ‘non
296 1679 366 1720 tali
392 1678 545 1719 auxilio
570 1692 647 1719 nec
672 1676 960 1718 defensoribus
985 1675 1073 1716 istis

167 1750 331 1797 tempus
358 1748 470 1796 eget3
496 1754 593 1789 non,
620 1739 654 1780 si
678 1739 768 1794 ipse
794 1753 909 1780 meus
935 1751 1045 1779 nunc
1070 1735 1231 1778 adforet
1254 1736 1426 1777 Hector.

167 1804 250 1846 huc
275 1803 444 1845 tandem
469 1802 671 1851 concede3
697 1801 799 1842 haec
824 1816 896 1842 ara
919 1799 1103 1841 tuebitur
1128 1797 1275 1847 omnis,

169 1874 240 1908 aut
265 1866 439 1907 moriere
465 1864 613 1906 simul.⁷
663 1863 722 1905 sic
747 1878 816 1905 ore
842 1862 967 1904 effata
991 1861 1146 1916 recepit

169 1929 222 1972 ad
247 1944 338 1971 sese
364 1935 406 1970 et
428 1942 545 1969 sacra
568 1927 820 1981 longaevum
844 1925 886 1967 in
911 1924 1007 1966 sede
1033 1923 1197 1965 locavit.

226 1991 338 2033 Ecce
364 1997 504 2032 autem
529 1990 695 2044 elapsus
720 1987 873 2043 Pyrrhi
898 1987 949 2029 de
975 1986 1101 2028 caede
1126 1985 1299 2034 Polites,

169 2070 278 2097 unus
303 2060 495 2095 natorum
518 2051 692 2101 Priami,
718 2066 792 2106 per
816 2050 910 2099 tela,
936 2064 1009 2104 per
1034 2048 1176 2097 hostis,

170 2117 397 2174 porticibus
423 2114 558 2170 longis
584 2114 693 2169 fugit
718 2120 757 2154 et
782 2127 916 2154 vacua
941 2111 1044 2152 atria
1067 2111 1216 2152 lustrat

171 2179 349 2221 saucius.
397 2178 514 2218 illum
539 2177 687 2218 ardens
713 2175 862 2216 infesto
889 2174 1059 2215 vulnere
1082 2171 1271 2227 Pyrrhus

170 2241 414 2296 insequitur,
440 2240 522 2280 iam
546 2239 713 2292 iamque
738 2252 865 2278 manu
889 2243 1002 2278 tenet
1026 2243 1067 2277 et
1090 2234 1239 2289 premit.
1263 2233 1392 2275 hasta.

171 2311 218 2346 ut
242 2303 409 2345 tandem
435 2309 529 2343 ante
554 2301 695 2342 oculos
721 2299 853 2342 evasit
877 2306 918 2341 et
941 2313 1013 2340 ora
1037 2304 1270 2352 parentum,

172 2366 353 2409 concidit
376 2380 424 2407 ac
449 2364 578 2405 multo
603 2363 732 2404 vitam
757 2378 851 2404 cum
876 2360 1079 2416 sanguine
1104 2359 1223 2400 fudit.

171 2430 238 2471 hic
262 2428 468 2476 Priamus,
494 2440 750 2480 quamquam
773 2425 816 2466 in
841 2424 977 2466 media
1001 2423 1083 2464 iam
1108 2428 1239 2463 morte
1264 2427 1439 2471 tenetur,

172 2507 256 2533 non
281 2498 420 2531 tamen
446 2488 644 2530 abstinuit
667 2502 744 2529 nec
768 2487 859 2528 voci
882 2487 1049 2539 iraeque
1074 2483 1276 2539 pepercit:

85 2568 148 2600 535
175 2559 236 2596 ‘at
259 2554 333 2594 tibi
358 2567 432 2607 pro
458 2550 629 2593 scelere'
655 2550 873 2598 exclamat,
899 2554 992 2604 ‘pro
1018 2547 1170 2589 talibus
1195 2546 1305 2588 ausis

175 2617 231 2667 di,
256 2615 375 2670 siqua
399 2622 459 2656 est
485 2613 599 2655 caelo
624 2613 769 2668 pietas,
795 2626 902 2666 quae
926 2610 1024 2652 talia
1049 2616 1176 2660 curet,
