1622 2847
152 116 233 157 132
564 126 604 161 Ρ.
627 126 837 163 VERGILI
861 127 1086 164 MARONIS

204 229 309 270 Inde
333 229 405 271 ubi
429 229 563 284 prima
586 231 688 272 fides
715 232 876 287 pelago,
901 232 1148 286 placataque
1171 233 1283 275 venti

83 303 124 332 70
150 292 250 332 dant
273 293 403 333 maria
428 300 468 333 et
491 293 594 334 lenis
619 295 825 348 crepitans
850 302 973 335 vocat.
998 304 1136 337 auster
1159 296 1200 337 in
1225 297 1368 347 altum,

81 612 120 642 75

78 923 121 953 80

78 1236 120 1266 85

80 1548 121 1578 90

81 1860 120 1890 95

60 2172 122 2202 100

60 2483 122 2514 105

149 353 362 395 deducunt
386 355 485 395 socii
511 369 638 396 naves
664 363 702 396 et
728 356 847 397 litora
872 357 1091 411 complent.

147 416 414 470 provehimur
438 423 560 471 portu
585 424 800 471 terraeque
824 418 1032 472 urbesque
1056 420 1268 461 recedunt.

150 492 266 519 sacra
290 479 394 519 mari
420 478 568 519 colitur
593 480 728 520 medio
753 480 990 535 gratissima
1014 481 1134 522 tellus

147 539 376 581 Nereidum
401 541 522 581 matri
547 548 587 581 et
611 542 805 596 Neptuno
831 543 1018 597 Aegaeo,

147 616 271 656 quam
298 602 389 656 pius
416 603 678 655 arquitenens
705 618 797 644 oras
823 612 864 645 et
888 605 1008 645 litora
1032 605 1188 646 circum

146 671 351 705 errantem
376 664 562 719 Mycono
588 680 610 706 e
635 667 745 706 celsa
771 665 1000 720 Gyaroque
1024 667 1203 708 revinxit

145 726 445 780 immotamque
471 728 549 768 coli
575 728 687 769 dedit
714 737 754 769 et
779 736 1040 770 contemnere
1065 737 1223 771 ventos,

146 788 228 829 huc
254 789 378 837 feror,
404 789 506 830 haec
531 789 662 830 fessos
688 797 776 831 tuto
800 791 1080 845 placidissima
1103 799 1225 845 portu

149 851 309 905 accipit.
359 852 515 906 egressi
540 867 786 894 veneramur
810 853 1018 907 Apollinis
1043 854 1202 894 urbem.

145 928 218 954 rex
243 913 395 962 Anius,
425 929 498 954 rex
523 914 633 955 idem
658 915 873 955 hominum
898 915 1144 968 Phoebique
1170 916 1376 966 sacerdos,

145 975 257 1016 vittis
283 982 324 1016 et
348 990 465 1017 sacra
489 977 703 1017 redimitus
729 984 918 1031 tempora
941 977 1057 1017 lauro

146 1038 337 1087 occurrit,
364 1045 546 1080 veterem
571 1038 787 1080 Anchisen
813 1039 1030 1093 adgnoscit
1054 1039 1252 1088 amieum3

146 1099 356 1153 iungimus
382 1100 560 1155 hospitio
585 1101 751 1142 dextras
777 1108 818 1142 et
842 1108 950 1142 tecta
975 1101 1172 1142 subimus.

201 1163 380 1217 Templa
404 1163 471 1204 dei
496 1177 596 1204 saxo
621 1163 851 1204 venerabar
875 1170 1031 1204 structa
1055 1171 1236 1204 vetusto:

147 1225 219 1266 ‘da
243 1226 468 1280 propriam,
494 1226 774 1280 Thymbraee,
801 1226 983 1274 domum,
1010 1226 1063 1266 da
1086 1227 1251 1267 moenia
1279 1226 1398 1268 fessis

146 1294 187 1328 et
210 1303 342 1342 genus
368 1295 407 1329 et
432 1303 672 1328 mansuram
697 1288 862 1337 urbem3
888 1303 1008 1328 serva
1032 1288 1161 1329 altera
1184 1289 1336 1330 Troiae

146 1349 368 1404 Pergama,
393 1350 604 1403 relliquias
634 1350 833 1391 Danaum
859 1357 982 1403 atque
1007 1350 1161 1390 inmitis
1187 1351 1356 1392 Achilli.

147 1426 270 1465 quem
296 1413 532 1466 sequimur?
563 1427 698 1466 quove
723 1412 782 1453 ire
806 1412 953 1453 iubes?
982 1412 1056 1452 ubi
1080 1427 1232 1467 ponere
1257 1414 1399 1455 sedes?

146 1475 211 1523 da,
237 1482 367 1529 pater,
394 1475 614 1529 augurium
642 1482 764 1528 atque
790 1475 937 1515 animis
962 1474 1146 1517 inlabere
1170 1476 1346 1516 nostris.’

202 1537 286 1579 Vix
311 1552 360 1578 ea
386 1537 495 1577 fatus
521 1552 653 1578 cram:
680 1544 855 1578 tremere
881 1537 1020 1577 omnia
1044 1537 1134 1577 visa
1157 1545 1340 1592 repente,

145 1599 372 1652 liminaque
397 1600 621 1653 laurusque
647 1599 727 1648 dei,
754 1606 948 1652 totusque
973 1599 1131 1640 moveri

145 1676 266 1702 mons
292 1662 449 1702 circum
474 1669 514 1702 et
538 1662 700 1716 mugire
726 1662 860 1716 adytis
886 1661 1042 1702 cortina
1066 1661 1253 1703 reclusis.

146 1724 340 1764 submissi
366 1724 544 1778 petimus
571 1732 735 1773 terram,
762 1731 802 1764 et.
827 1739 908 1764 vox
932 1724 1063 1764 fertur
1088 1724 1142 1764 ad
1166 1724 1295 1766 auris:

147 1785 436 1827 ‘Dardanidae
463 1786 567 1835 duri,
593 1801 699 1840 quae
724 1800 798 1826 vos
824 1801 848 1826 a
872 1786 997 1840 stirpe
1022 1792 1241 1840 parentum

146 1848 281 1903 prima
305 1848 397 1888 tulit
422 1848 556 1897 tellus,
583 1849 728 1889 eadem
754 1863 827 1889 vos
852 1848 980 1889 ubere
1004 1847 1112 1888 laeto

148 1910 323 1964 accipiet
346 1911 532 1952 reduces,
582 1911 794 1963 antiquam
820 1910 1021 1962 exquirite
1046 1916 1234 1951 matrem.

146 1973 213 2014 hic
238 1973 386 2013 domus
412 1973 583 2014 Aeneae
609 1973 767 2014 cunctis
793 1972 1074 2013 dominabitur
1098 1972 1194 2021 oris,

148 2042 187 2077 et
213 2035 298 2076 nati
322 2043 514 2076 natorum
540 2043 579 2076 et
604 2036 675 2089 qui
700 2044 921 2076 nascentur
946 2035 999 2075 ab
1023 2034 1129 2075 illis.'

148 2098 251 2139 haec
275 2097 494 2147 Phoebus3
519 2098 732 2151 mixtoque
756 2098 903 2153 ingens
928 2104 1071 2138 exorta
1095 2096 1276 2138 tumultu

146 2160 302 2201 laetitia
326 2167 367 2201 et
391 2161 542 2209 cuncti,
568 2175 675 2214 quae
701 2160 782 2200 sint
808 2175 857 2200 ea
881 2159 1058 2207 moenia,
1083 2166 1302 2212 quaerunt,

148 2237 230 2276 quo
255 2222 454 2263 Phoebus
480 2231 598 2264 vocet
623 2223 797 2263 errantis
822 2222 1046 2275 iubeatque
1071 2221 1235 2263 reverti.

148 2293 235 2326 tum
261 2285 435 2338 genitor,
462 2292 649 2326 veterum
675 2285 845 2326 volvens
872 2290 1140 2324 monumenta
1164 2283 1359 2334 virorum,

148 2347 320 2395 ‘auditc‚
346 2362 369 2387 o
395 2348 604 2401 proceres’
631 2347 689 2388 ait
713 2351 772 2388 ‘et
796 2362 891 2401 spes
917 2346 1062 2387 discite
1086 2353 1258 2387 vestras.

151 2408 278 2450 Creta
302 2409 413 2450 Iovis
439 2410 580 2464 magni
605 2410 741 2450 medio
767 2410 872 2450 iacet
898 2409 1033 2449 insula
1057 2415 1198 2462 ponto,

148 2486 266 2512 mons
292 2472 445 2512 Idaeus
471 2473 542 2512 ubi
570 2479 608 2513 et
633 2472 767 2527 gentis
793 2471 1001 2512 cunabula
1023 2477 1201 2511 nostrae.

150 2541 316 2575 centum
342 2535 466 2575 urbes
491 2535 680 2575 habitant
704 2549 892 2588 magnas,
918 2533 1127 2574 uberrima
1151 2547 1298 2587 regna3

148 2596 353 2637 maximus
379 2597 488 2638 unde
514 2606 642 2652 pater,
668 2597 701 2638 si
726 2597 802 2638 rite
827 2596 969 2637 audita
996 2595 1203 2644 recordor,
