<?xml version="1.0" encoding="UTF-8"?>
<!DOCTYPE html PUBLIC "-//W3C//DTD XHTML 1.0 Transitional//EN"
    "http://www.w3.org/TR/xhtml1/DTD/xhtml1-transitional.dtd">
<html xmlns="http://www.w3.org/1999/xhtml" xml:lang="en" lang="en">
 <head>
  <title>
</title>
<meta http-equiv="Content-Type" content="text/html;charset=utf-8" />
  <meta name='ocr-system' content='tesseract 3.04.00' />
  <meta name='ocr-capabilities' content='ocr_page ocr_carea ocr_par ocr_line ocrx_word'/>
</head>
<body>
  <div class='ocr_page' id='page_1' title='image "./carmina00virguoft_0199.png"; bbox 0 0 1622 2847; ppageno 0'>
   <div class='ocr_carea' id='block_1_1' title="bbox 541 141 1007 184">
    <p class='ocr_par' dir='ltr' id='par_1_1' title="bbox 541 141 1007 184">
     <span class='ocr_line' id='line_1_1' title="bbox 541 141 1007 184; baseline -0.002 -6"><span class='ocrx_word' id='word_1_1' title='bbox 541 142 644 178; x_wconf 87' lang='lat' dir='ltr'>AEN</span> <span class='ocrx_word' id='word_1_2' title='bbox 646 141 794 178; x_wconf 86' lang='lat' dir='ltr'>EIDOS</span> <span class='ocrx_word' id='word_1_3' title='bbox 818 143 914 178; x_wconf 86' lang='lat' dir='ltr'><strong>LIB.</strong></span> <span class='ocrx_word' id='word_1_4' title='bbox 938 143 1007 184; x_wconf 80' lang='grc' dir='ltr'>ΠΙ.</span> 
     </span>
    </p>
   </div>
   <div class='ocr_carea' id='block_1_2' title="bbox 96 246 1324 612">
    <p class='ocr_par' dir='ltr' id='par_1_2' title="bbox 96 246 1309 425">
     <span class='ocr_line' id='line_1_2' title="bbox 96 246 1194 301; baseline -0.001 -12"><span class='ocrx_word' id='word_1_5' title='bbox 96 246 171 289; x_wconf 89' lang='lat' dir='ltr'>sed</span> <span class='ocrx_word' id='word_1_6' title='bbox 195 247 287 301; x_wconf 91' lang='lat' dir='ltr'>quis</span> <span class='ocrx_word' id='word_1_7' title='bbox 312 247 365 289; x_wconf 88' lang='lat' dir='ltr'>ad</span> <span class='ocrx_word' id='word_1_8' title='bbox 388 246 620 301; x_wconf 82' lang='lat' dir='ltr'>Hesperiae</span> <span class='ocrx_word' id='word_1_9' title='bbox 643 253 840 288; x_wconf 85' lang='lat' dir='ltr'>venturos</span> <span class='ocrx_word' id='word_1_10' title='bbox 864 247 985 288; x_wconf 86' lang='lat' dir='ltr'>litora</span> <span class='ocrx_word' id='word_1_11' title='bbox 1009 247 1194 288; x_wconf 89' lang='lat' dir='ltr'>Teucros</span> 
     </span>
     <span class='ocr_line' id='line_1_3' title="bbox 97 307 1309 363; baseline 0 -12"><span class='ocrx_word' id='word_1_12' title='bbox 97 310 307 352; x_wconf 88' lang='lat' dir='ltr'>crederet?</span> <span class='ocrx_word' id='word_1_13' title='bbox 335 316 407 351; x_wconf 84' lang='lat' dir='ltr'>aut</span> <span class='ocrx_word' id='word_1_14' title='bbox 429 323 554 363; x_wconf 90' lang='lat' dir='ltr'>quem</span> <span class='ocrx_word' id='word_1_15' title='bbox 578 315 667 350; x_wconf 90' lang='lat' dir='ltr'>tum</span> <span class='ocrx_word' id='word_1_16' title='bbox 691 316 807 351; x_wconf 87' lang='lat' dir='ltr'>vates</span> <span class='ocrx_word' id='word_1_17' title='bbox 833 307 1074 350; x_wconf 83' lang='lat' dir='ltr'>Cassandra</span> <span class='ocrx_word' id='word_1_18' title='bbox 1097 310 1309 352; x_wconf 82' lang='lat' dir='ltr'>moveret?</span> 
     </span>
     <span class='ocr_line' id='line_1_4' title="bbox 97 371 1198 425; baseline -0.001 -12"><span class='ocrx_word' id='word_1_19' title='bbox 97 372 293 413; x_wconf 82' lang='lat' dir='ltr'>cedamus</span> <span class='ocrx_word' id='word_1_20' title='bbox 315 371 491 413; x_wconf 91' lang='lat' dir='ltr'>Phoebo</span> <span class='ocrx_word' id='word_1_21' title='bbox 516 377 558 413; x_wconf 89' lang='lat' dir='ltr'>et</span> <span class='ocrx_word' id='word_1_22' title='bbox 578 371 724 412; x_wconf 92' lang='lat' dir='ltr'>moniti</span> <span class='ocrx_word' id='word_1_23' title='bbox 748 371 921 412; x_wconf 87' lang='lat' dir='ltr'>meliora</span> <span class='ocrx_word' id='word_1_24' title='bbox 945 371 1198 425; x_wconf 86' lang='lat' dir='ltr'>sequamur.’</span> 
     </span>
    </p>

    <p class='ocr_par' dir='ltr' id='par_1_3' title="bbox 97 433 1026 488">
     <span class='ocr_line' id='line_1_5' title="bbox 97 433 1026 488; baseline 0 -14"><span class='ocrx_word' id='word_1_25' title='bbox 97 434 156 474; x_wconf 88' lang='lat' dir='ltr'>sic</span> <span class='ocrx_word' id='word_1_26' title='bbox 181 434 238 474; x_wconf 91' lang='lat' dir='ltr'>ait</span> <span class='ocrx_word' id='word_1_27' title='bbox 261 440 302 475; x_wconf 92' lang='lat' dir='ltr'>et</span> <span class='ocrx_word' id='word_1_28' title='bbox 325 433 464 475; x_wconf 91' lang='lat' dir='ltr'>cuncti</span> <span class='ocrx_word' id='word_1_29' title='bbox 489 433 598 475; x_wconf 89' lang='lat' dir='ltr'>dicto</span> <span class='ocrx_word' id='word_1_30' title='bbox 622 448 816 488; x_wconf 90' lang='lat' dir='ltr'>paremus</span> <span class='ocrx_word' id='word_1_31' title='bbox 842 440 1026 474; x_wconf 89' lang='lat' dir='ltr'>ovantes.</span> 
     </span>
    </p>

    <p class='ocr_par' dir='ltr' id='par_1_4' title="bbox 96 495 1324 612">
     <span class='ocr_line' id='line_1_6' title="bbox 96 495 1248 550; baseline 0.001 -14"><span class='ocrx_word' id='word_1_32' title='bbox 96 495 205 537; x_wconf 88' lang='lat' dir='ltr'>hanc</span> <span class='ocrx_word' id='word_1_33' title='bbox 229 510 396 550; x_wconf 91' lang='lat' dir='ltr'>quoque</span> <span class='ocrx_word' id='word_1_34' title='bbox 422 495 651 538; x_wconf 88' lang='lat' dir='ltr'>deserimus</span> <span class='ocrx_word' id='word_1_35' title='bbox 677 496 819 538; x_wconf 91' lang='lat' dir='ltr'>sedem</span> <span class='ocrx_word' id='word_1_36' title='bbox 843 496 1072 550; x_wconf 84' lang='lat' dir='ltr'>paucisque</span> <span class='ocrx_word' id='word_1_37' title='bbox 1096 496 1248 537; x_wconf 89' lang='lat' dir='ltr'>relictis</span> 
     </span>
     <span class='ocr_line' id='line_1_7' title="bbox 96 557 1324 612; baseline 0.001 -14"><span class='ocrx_word' id='word_1_38' title='bbox 96 557 188 599; x_wconf 88' lang='lat' dir='ltr'>vela</span> <span class='ocrx_word' id='word_1_39' title='bbox 212 558 358 599; x_wconf 89' lang='lat' dir='ltr'>damus</span> <span class='ocrx_word' id='word_1_40' title='bbox 384 566 631 612; x_wconf 87' lang='lat' dir='ltr'>vastumque</span> <span class='ocrx_word' id='word_1_41' title='bbox 656 572 760 599; x_wconf 87' lang='lat' dir='ltr'>cava</span> <span class='ocrx_word' id='word_1_42' title='bbox 783 558 902 599; x_wconf 84' lang='lat' dir='ltr'>trabe</span> <span class='ocrx_word' id='word_1_43' title='bbox 926 558 1130 599; x_wconf 87' lang='lat' dir='ltr'>currimus</span> <span class='ocrx_word' id='word_1_44' title='bbox 1157 572 1324 611; x_wconf 85' lang='lat' dir='ltr'>aequor.</span> 
     </span>
    </p>
   </div>
   <div class='ocr_carea' id='block_1_3' title="bbox 150 620 1416 675">
    <p class='ocr_par' dir='ltr' id='par_1_5' title="bbox 150 620 1416 675">
     <span class='ocr_line' id='line_1_8' title="bbox 150 620 1416 675; baseline 0.001 -15"><span class='ocrx_word' id='word_1_45' title='bbox 150 620 382 673; x_wconf 87' lang='lat' dir='ltr'>Postquam</span> <span class='ocrx_word' id='word_1_46' title='bbox 407 620 537 661; x_wconf 86' lang='lat' dir='ltr'>altum</span> <span class='ocrx_word' id='word_1_47' title='bbox 562 628 733 661; x_wconf 90' lang='lat' dir='ltr'>tenuere</span> <span class='ocrx_word' id='word_1_48' title='bbox 757 627 867 661; x_wconf 86' lang='lat' dir='ltr'>rates</span> <span class='ocrx_word' id='word_1_49' title='bbox 892 635 969 662; x_wconf 91' lang='lat' dir='ltr'>nec</span> <span class='ocrx_word' id='word_1_50' title='bbox 994 621 1079 661; x_wconf 90' lang='lat' dir='ltr'>iam</span> <span class='ocrx_word' id='word_1_51' title='bbox 1104 621 1281 675; x_wconf 86' lang='lat' dir='ltr'>amplius</span> <span class='ocrx_word' id='word_1_52' title='bbox 1307 620 1416 662; x_wconf 88' lang='lat' dir='ltr'>ullae</span> 
     </span>
    </p>
   </div>
   <div class='ocr_carea' id='block_1_4' title="bbox 93 682 1330 799">
    <p class='ocr_par' dir='ltr' id='par_1_6' title="bbox 93 682 1330 799">
     <span class='ocr_line' id='line_1_9' title="bbox 94 682 1330 738; baseline -0.001 -14"><span class='ocrx_word' id='word_1_53' title='bbox 94 689 297 738; x_wconf 83' lang='lat' dir='ltr'>apparent</span> <span class='ocrx_word' id='word_1_54' title='bbox 320 689 467 730; x_wconf 86' lang='lat' dir='ltr'>terrae,</span> <span class='ocrx_word' id='word_1_55' title='bbox 494 682 655 723; x_wconf 87' lang='lat' dir='ltr'>caelum</span> <span class='ocrx_word' id='word_1_56' title='bbox 681 682 866 736; x_wconf 90' lang='lat' dir='ltr'>undique</span> <span class='ocrx_word' id='word_1_57' title='bbox 892 688 933 723; x_wconf 84' lang='lat' dir='ltr'>et</span> <span class='ocrx_word' id='word_1_58' title='bbox 956 682 1141 736; x_wconf 88' lang='lat' dir='ltr'>undique</span> <span class='ocrx_word' id='word_1_59' title='bbox 1165 690 1330 738; x_wconf 90' lang='lat' dir='ltr'>pontus,</span> 
     </span>
     <span class='ocr_line' id='line_1_10' title="bbox 93 743 1207 799; baseline 0.001 -14"><span class='ocrx_word' id='word_1_60' title='bbox 93 751 184 786; x_wconf 92' lang='lat' dir='ltr'>tum</span> <span class='ocrx_word' id='word_1_61' title='bbox 207 743 308 784; x_wconf 91' lang='lat' dir='ltr'>mihi</span> <span class='ocrx_word' id='word_1_62' title='bbox 332 745 547 785; x_wconf 80' lang='lat' dir='ltr'>caeruleus</span> <span class='ocrx_word' id='word_1_63' title='bbox 573 759 699 799; x_wconf 85' lang='lat' dir='ltr'>supra</span> <span class='ocrx_word' id='word_1_64' title='bbox 724 751 850 799; x_wconf 86' lang='lat' dir='ltr'>eaput</span> <span class='ocrx_word' id='word_1_65' title='bbox 875 744 1032 785; x_wconf 83' lang='lat' dir='ltr'>adstitit</span> <span class='ocrx_word' id='word_1_66' title='bbox 1061 744 1207 794; x_wconf 87' lang='lat' dir='ltr'>imber,</span> 
     </span>
    </p>
   </div>
   <div class='ocr_carea' id='block_1_5' title="bbox 93 806 1369 861">
    <p class='ocr_par' dir='ltr' id='par_1_7' title="bbox 93 806 1369 861">
     <span class='ocr_line' id='line_1_11' title="bbox 93 806 1369 861; baseline 0 -13"><span class='ocrx_word' id='word_1_67' title='bbox 93 813 256 848; x_wconf 86' lang='lat' dir='ltr'>noctem</span> <span class='ocrx_word' id='word_1_68' title='bbox 281 806 542 861; x_wconf 87' lang='lat' dir='ltr'>hiememque</span> <span class='ocrx_word' id='word_1_69' title='bbox 566 809 717 856; x_wconf 66' lang='lat' dir='ltr'>serem,</span> <span class='ocrx_word' id='word_1_70' title='bbox 743 813 785 848; x_wconf 91' lang='lat' dir='ltr'>et</span> <span class='ocrx_word' id='word_1_71' title='bbox 806 806 1014 847; x_wconf 80' lang='lat' dir='ltr'>inhorruit</span> <span class='ocrx_word' id='word_1_72' title='bbox 1036 807 1149 847; x_wconf 90' lang='lat' dir='ltr'>unda</span> <span class='ocrx_word' id='word_1_73' title='bbox 1174 806 1369 848; x_wconf 88' lang='lat' dir='ltr'>tenebris.</span> 
     </span>
    </p>
   </div>
   <div class='ocr_carea' id='block_1_6' title="bbox 87 869 1293 2670">
    <p class='ocr_par' dir='ltr' id='par_1_8' title="bbox 91 869 1229 1160">
     <span class='ocr_line' id='line_1_12' title="bbox 93 869 1229 924; baseline 0 -14"><span class='ocrx_word' id='word_1_74' title='bbox 93 869 288 911; x_wconf 83' lang='lat' dir='ltr'>continuo</span> <span class='ocrx_word' id='word_1_75' title='bbox 313 869 427 910; x_wconf 88' lang='lat' dir='ltr'>venti</span> <span class='ocrx_word' id='word_1_76' title='bbox 450 869 625 910; x_wconf 82' lang='lat' dir='ltr'>volvunt</span> <span class='ocrx_word' id='word_1_77' title='bbox 647 884 761 910; x_wconf 88' lang='lat' dir='ltr'>mare</span> <span class='ocrx_word' id='word_1_78' title='bbox 786 883 1024 924; x_wconf 86' lang='lat' dir='ltr'>magnaque</span> <span class='ocrx_word' id='word_1_79' title='bbox 1051 876 1229 924; x_wconf 88' lang='lat' dir='ltr'>surgunt</span> 
     </span>
     <span class='ocr_line' id='line_1_13' title="bbox 93 931 1059 986; baseline -0.001 -14"><span class='ocrx_word' id='word_1_80' title='bbox 93 946 286 985; x_wconf 88' lang='lat' dir='ltr'>aequora,</span> <span class='ocrx_word' id='word_1_81' title='bbox 313 931 486 986; x_wconf 89' lang='lat' dir='ltr'>dispersi</span> <span class='ocrx_word' id='word_1_82' title='bbox 511 932 713 972; x_wconf 88' lang='lat' dir='ltr'>iactamur</span> <span class='ocrx_word' id='word_1_83' title='bbox 736 932 902 986; x_wconf 86' lang='lat' dir='ltr'>gurgite</span> <span class='ocrx_word' id='word_1_84' title='bbox 928 938 1059 980; x_wconf 83' lang='lat' dir='ltr'>vasto,</span> 
     </span>
     <span class='ocr_line' id='line_1_14' title="bbox 91 993 1121 1035; baseline -0.001 0"><span class='ocrx_word' id='word_1_85' title='bbox 91 993 303 1035; x_wconf 88' lang='lat' dir='ltr'>involvere</span> <span class='ocrx_word' id='word_1_86' title='bbox 329 994 439 1034; x_wconf 88' lang='lat' dir='ltr'>diem</span> <span class='ocrx_word' id='word_1_87' title='bbox 462 994 594 1034; x_wconf 88' lang='lat' dir='ltr'>nimbi</span> <span class='ocrx_word' id='word_1_88' title='bbox 619 1001 660 1035; x_wconf 90' lang='lat' dir='ltr'>et</span> <span class='ocrx_word' id='word_1_89' title='bbox 683 1008 768 1034; x_wconf 86' lang='lat' dir='ltr'>nox</span> <span class='ocrx_word' id='word_1_90' title='bbox 792 994 935 1035; x_wconf 89' lang='lat' dir='ltr'>umida</span> <span class='ocrx_word' id='word_1_91' title='bbox 960 994 1121 1034; x_wconf 86' lang='lat' dir='ltr'>caelum</span> 
     </span>
     <span class='ocr_line' id='line_1_15' title="bbox 92 1056 1133 1111; baseline -0.001 -14"><span class='ocrx_word' id='word_1_92' title='bbox 92 1056 274 1105; x_wconf 88' lang='lat' dir='ltr'>abstulit,</span> <span class='ocrx_word' id='word_1_93' title='bbox 300 1056 558 1111; x_wconf 83' lang='lat' dir='ltr'>ingeminant</span> <span class='ocrx_word' id='word_1_94' title='bbox 582 1056 768 1111; x_wconf 85' lang='lat' dir='ltr'>abruptis</span> <span class='ocrx_word' id='word_1_95' title='bbox 793 1056 976 1096; x_wconf 89' lang='lat' dir='ltr'>nubibus</span> <span class='ocrx_word' id='word_1_96' title='bbox 1001 1056 1133 1110; x_wconf 87' lang='lat' dir='ltr'>ignes.</span> 
     </span>
     <span class='ocr_line' id='line_1_16' title="bbox 92 1117 1136 1160; baseline -0.001 -1"><span class='ocrx_word' id='word_1_97' title='bbox 92 1118 324 1160; x_wconf 81' lang='lat' dir='ltr'>excutimur</span> <span class='ocrx_word' id='word_1_98' title='bbox 349 1133 474 1159; x_wconf 86' lang='lat' dir='ltr'>cursu</span> <span class='ocrx_word' id='word_1_99' title='bbox 498 1125 539 1159; x_wconf 86' lang='lat' dir='ltr'>et</span> <span class='ocrx_word' id='word_1_100' title='bbox 563 1119 696 1159; x_wconf 87' lang='lat' dir='ltr'>caecis</span> <span class='ocrx_word' id='word_1_101' title='bbox 722 1133 907 1159; x_wconf 84' lang='lat' dir='ltr'>erramus</span> <span class='ocrx_word' id='word_1_102' title='bbox 932 1117 975 1158; x_wconf 90' lang='lat' dir='ltr'>in</span> <span class='ocrx_word' id='word_1_103' title='bbox 1000 1118 1136 1158; x_wconf 85' lang='lat' dir='ltr'>undis.</span> 
     </span>
    </p>

    <p class='ocr_par' dir='ltr' id='par_1_9' title="bbox 89 1180 1138 1236">
     <span class='ocr_line' id='line_1_17' title="bbox 89 1180 1138 1236; baseline 0 -15"><span class='ocrx_word' id='word_1_104' title='bbox 89 1180 179 1235; x_wconf 90' lang='lat' dir='ltr'>ipse</span> <span class='ocrx_word' id='word_1_105' title='bbox 205 1181 312 1222; x_wconf 88' lang='lat' dir='ltr'>diem</span> <span class='ocrx_word' id='word_1_106' title='bbox 338 1189 586 1234; x_wconf 89' lang='lat' dir='ltr'>noctemque</span> <span class='ocrx_word' id='word_1_107' title='bbox 613 1188 738 1236; x_wconf 84' lang='lat' dir='ltr'>negat</span> <span class='ocrx_word' id='word_1_108' title='bbox 765 1181 997 1221; x_wconf 84' lang='lat' dir='ltr'>discernere</span> <span class='ocrx_word' id='word_1_109' title='bbox 1023 1181 1138 1222; x_wconf 89' lang='lat' dir='ltr'>caelo</span> 
     </span>
    </p>

    <p class='ocr_par' dir='ltr' id='par_1_10' title="bbox 89 1243 1171 1284">
     <span class='ocr_line' id='line_1_18' title="bbox 89 1243 1171 1284; baseline 0 -1"><span class='ocrx_word' id='word_1_110' title='bbox 89 1257 167 1284; x_wconf 89' lang='lat' dir='ltr'>nec</span> <span class='ocrx_word' id='word_1_111' title='bbox 190 1243 425 1284; x_wconf 84' lang='lat' dir='ltr'>meminisse</span> <span class='ocrx_word' id='word_1_112' title='bbox 449 1244 541 1284; x_wconf 86' lang='lat' dir='ltr'>viae</span> <span class='ocrx_word' id='word_1_113' title='bbox 567 1243 702 1284; x_wconf 87' lang='lat' dir='ltr'>media</span> <span class='ocrx_word' id='word_1_114' title='bbox 726 1243 951 1283; x_wconf 85' lang='lat' dir='ltr'>Palinurus</span> <span class='ocrx_word' id='word_1_115' title='bbox 976 1243 1019 1283; x_wconf 91' lang='lat' dir='ltr'>in</span> <span class='ocrx_word' id='word_1_116' title='bbox 1044 1243 1171 1283; x_wconf 90' lang='lat' dir='ltr'>unda.</span> 
     </span>
    </p>

    <p class='ocr_par' dir='ltr' id='par_1_11' title="bbox 90 1305 980 1360">
     <span class='ocr_line' id='line_1_19' title="bbox 90 1305 980 1360; baseline 0 -15"><span class='ocrx_word' id='word_1_117' title='bbox 90 1305 162 1346; x_wconf 88' lang='lat' dir='ltr'>tris</span> <span class='ocrx_word' id='word_1_118' title='bbox 187 1305 290 1346; x_wconf 89' lang='lat' dir='ltr'>adeo</span> <span class='ocrx_word' id='word_1_119' title='bbox 315 1306 494 1347; x_wconf 88' lang='lat' dir='ltr'>incertos</span> <span class='ocrx_word' id='word_1_120' title='bbox 519 1320 644 1346; x_wconf 87' lang='lat' dir='ltr'>caeca</span> <span class='ocrx_word' id='word_1_121' title='bbox 669 1305 846 1360; x_wconf 88' lang='lat' dir='ltr'>caligine</span> <span class='ocrx_word' id='word_1_122' title='bbox 873 1305 980 1346; x_wconf 90' lang='lat' dir='ltr'>soles</span> 
     </span>
    </p>

    <p class='ocr_par' dir='ltr' id='par_1_12' title="bbox 89 1367 1143 1484">
     <span class='ocr_line' id='line_1_20' title="bbox 90 1367 1114 1423; baseline -0.001 -14"><span class='ocrx_word' id='word_1_123' title='bbox 90 1382 275 1410; x_wconf 87' lang='lat' dir='ltr'>erramus</span> <span class='ocrx_word' id='word_1_124' title='bbox 299 1369 463 1423; x_wconf 83' lang='lat' dir='ltr'>pelago,</span> <span class='ocrx_word' id='word_1_125' title='bbox 489 1367 661 1409; x_wconf 88' lang='lat' dir='ltr'>totidem</span> <span class='ocrx_word' id='word_1_126' title='bbox 686 1368 774 1409; x_wconf 90' lang='lat' dir='ltr'>sine</span> <span class='ocrx_word' id='word_1_127' title='bbox 800 1367 933 1408; x_wconf 85' lang='lat' dir='ltr'>sidere</span> <span class='ocrx_word' id='word_1_128' title='bbox 958 1374 1114 1408; x_wconf 87' lang='lat' dir='ltr'>noctes.</span> 
     </span>
     <span class='ocr_line' id='line_1_21' title="bbox 89 1430 1143 1484; baseline -0.001 -13"><span class='ocrx_word' id='word_1_129' title='bbox 89 1438 237 1484; x_wconf 88' lang='lat' dir='ltr'>quarto</span> <span class='ocrx_word' id='word_1_130' title='bbox 262 1438 371 1472; x_wconf 85' lang='lat' dir='ltr'>terra</span> <span class='ocrx_word' id='word_1_131' title='bbox 396 1431 462 1471; x_wconf 82' lang='lat' dir='ltr'>die</span> <span class='ocrx_word' id='word_1_132' title='bbox 489 1431 669 1484; x_wconf 85' lang='lat' dir='ltr'>primum</span> <span class='ocrx_word' id='word_1_133' title='bbox 694 1445 737 1471; x_wconf 89' lang='lat' dir='ltr'>se</span> <span class='ocrx_word' id='word_1_134' title='bbox 762 1431 948 1471; x_wconf 84' lang='lat' dir='ltr'>attollere</span> <span class='ocrx_word' id='word_1_135' title='bbox 974 1430 1143 1471; x_wconf 85' lang='lat' dir='ltr'>tandem</span> 
     </span>
    </p>

    <p class='ocr_par' dir='ltr' id='par_1_13' title="bbox 88 1493 1293 2235">
     <span class='ocr_line' id='line_1_22' title="bbox 89 1493 1191 1548; baseline -0.002 -14"><span class='ocrx_word' id='word_1_136' title='bbox 89 1493 192 1543; x_wconf 87' lang='lat' dir='ltr'>visa,</span> <span class='ocrx_word' id='word_1_137' title='bbox 217 1493 376 1548; x_wconf 88' lang='lat' dir='ltr'>aperire</span> <span class='ocrx_word' id='word_1_138' title='bbox 401 1493 546 1548; x_wconf 91' lang='lat' dir='ltr'>procul</span> <span class='ocrx_word' id='word_1_139' title='bbox 571 1493 722 1534; x_wconf 89' lang='lat' dir='ltr'>montis</span> <span class='ocrx_word' id='word_1_140' title='bbox 748 1507 796 1533; x_wconf 88' lang='lat' dir='ltr'>ac</span> <span class='ocrx_word' id='word_1_141' title='bbox 821 1493 989 1534; x_wconf 89' lang='lat' dir='ltr'>volvere</span> <span class='ocrx_word' id='word_1_142' title='bbox 1014 1493 1191 1533; x_wconf 84' lang='lat' dir='ltr'>fumum.</span> 
     </span>
     <span class='ocr_line' id='line_1_23' title="bbox 89 1555 1293 1610; baseline 0 -14"><span class='ocrx_word' id='word_1_143' title='bbox 89 1556 183 1597; x_wconf 83' lang='lat' dir='ltr'>vela</span> <span class='ocrx_word' id='word_1_144' title='bbox 208 1555 373 1604; x_wconf 85' lang='lat' dir='ltr'>cadunt,</span> <span class='ocrx_word' id='word_1_145' title='bbox 399 1555 523 1596; x_wconf 90' lang='lat' dir='ltr'>remis</span> <span class='ocrx_word' id='word_1_146' title='bbox 548 1555 802 1610; x_wconf 87' lang='lat' dir='ltr'>insurgimus</span> <span class='ocrx_word' id='word_1_147' title='bbox 812 1571 822 1604; x_wconf 91' lang='lat'>;</span> <span class='ocrx_word' id='word_1_148' title='bbox 849 1555 961 1596; x_wconf 89' lang='lat' dir='ltr'>haud</span> <span class='ocrx_word' id='word_1_149' title='bbox 986 1570 1115 1603; x_wconf 87' lang='lat' dir='ltr'>mora,</span> <span class='ocrx_word' id='word_1_150' title='bbox 1141 1561 1293 1596; x_wconf 85' lang='lat' dir='ltr'>nautae</span> 
     </span>
     <span class='ocr_line' id='line_1_24' title="bbox 89 1617 1104 1672; baseline -0.001 -14"><span class='ocrx_word' id='word_1_151' title='bbox 89 1617 231 1658; x_wconf 82' lang='lat' dir='ltr'>adnixi</span> <span class='ocrx_word' id='word_1_152' title='bbox 255 1625 448 1671; x_wconf 90' lang='lat' dir='ltr'>torquent</span> <span class='ocrx_word' id='word_1_153' title='bbox 474 1633 641 1672; x_wconf 81' lang='lat' dir='ltr'>spumas</span> <span class='ocrx_word' id='word_1_154' title='bbox 668 1626 707 1658; x_wconf 86' lang='lat' dir='ltr'>et</span> <span class='ocrx_word' id='word_1_155' title='bbox 733 1618 899 1659; x_wconf 87' lang='lat' dir='ltr'>caerula</span> <span class='ocrx_word' id='word_1_156' title='bbox 924 1625 1104 1658; x_wconf 85' lang='lat' dir='ltr'>verrunt.</span> 
     </span>
     <span class='ocr_line' id='line_1_25' title="bbox 89 1679 1281 1734; baseline -0.002 -13"><span class='ocrx_word' id='word_1_157' title='bbox 89 1688 300 1721; x_wconf 85' lang='lat' dir='ltr'>servatum</span> <span class='ocrx_word' id='word_1_158' title='bbox 329 1695 380 1721; x_wconf 82' lang='lat' dir='ltr'>ex</span> <span class='ocrx_word' id='word_1_159' title='bbox 405 1680 527 1721; x_wconf 90' lang='lat' dir='ltr'>undis</span> <span class='ocrx_word' id='word_1_160' title='bbox 555 1680 840 1734; x_wconf 65' lang='lat' dir='ltr'>Strophadum</span> <span class='ocrx_word' id='word_1_161' title='bbox 866 1695 931 1721; x_wconf 91' lang='lat' dir='ltr'>me</span> <span class='ocrx_word' id='word_1_162' title='bbox 956 1680 1077 1720; x_wconf 86' lang='lat' dir='ltr'>litora</span> <span class='ocrx_word' id='word_1_163' title='bbox 1100 1679 1281 1734; x_wconf 89' lang='lat' dir='ltr'>primum</span> 
     </span>
     <span class='ocr_line' id='line_1_26' title="bbox 90 1741 1277 1797; baseline -0.002 -13"><span class='ocrx_word' id='word_1_164' title='bbox 90 1743 312 1797; x_wconf 79' lang='lat' dir='ltr'>excipiunt.</span> <span class='ocrx_word' id='word_1_165' title='bbox 362 1741 619 1797; x_wconf 84' lang='lat' dir='ltr'>Strophades</span> <span class='ocrx_word' id='word_1_166' title='bbox 647 1742 775 1784; x_wconf 86' lang='lat' dir='ltr'>Graio</span> <span class='ocrx_word' id='word_1_167' title='bbox 802 1749 912 1783; x_wconf 86' lang='lat' dir='ltr'>stant</span> <span class='ocrx_word' id='word_1_168' title='bbox 936 1742 1103 1783; x_wconf 90' lang='lat' dir='ltr'>nomine</span> <span class='ocrx_word' id='word_1_169' title='bbox 1128 1742 1277 1791; x_wconf 85' lang='lat' dir='ltr'>dictae,</span> 
     </span>
     <span class='ocr_line' id='line_1_27' title="bbox 88 1803 1106 1859; baseline 0 -14"><span class='ocrx_word' id='word_1_170' title='bbox 88 1805 248 1846; x_wconf 87' lang='lat' dir='ltr'>insulae</span> <span class='ocrx_word' id='word_1_171' title='bbox 272 1804 391 1846; x_wconf 90' lang='lat' dir='ltr'>Ionio</span> <span class='ocrx_word' id='word_1_172' title='bbox 415 1806 458 1845; x_wconf 92' lang='lat' dir='ltr'>in</span> <span class='ocrx_word' id='word_1_173' title='bbox 483 1819 650 1859; x_wconf 83' lang='lat' dir='ltr'>magno,</span> <span class='ocrx_word' id='word_1_174' title='bbox 677 1819 781 1858; x_wconf 90' lang='lat' dir='ltr'>quas</span> <span class='ocrx_word' id='word_1_175' title='bbox 807 1805 896 1845; x_wconf 86' lang='lat' dir='ltr'>dira</span> <span class='ocrx_word' id='word_1_176' title='bbox 923 1803 1106 1845; x_wconf 87' lang='lat' dir='ltr'>Celaeno</span> 
     </span>
     <span class='ocr_line' id='line_1_28' title="bbox 88 1867 1125 1923; baseline -0.001 -15"><span class='ocrx_word' id='word_1_177' title='bbox 88 1867 369 1923; x_wconf 81' lang='lat' dir='ltr'>harpyiaeque</span> <span class='ocrx_word' id='word_1_178' title='bbox 395 1867 537 1909; x_wconf 91' lang='lat' dir='ltr'>colunt</span> <span class='ocrx_word' id='word_1_179' title='bbox 561 1868 679 1916; x_wconf 86' lang='lat' dir='ltr'>aliae,</span> <span class='ocrx_word' id='word_1_180' title='bbox 704 1867 881 1909; x_wconf 86' lang='lat' dir='ltr'>Phineia</span> <span class='ocrx_word' id='word_1_181' title='bbox 905 1874 1125 1921; x_wconf 87' lang='lat' dir='ltr'>postquam</span> 
     </span>
     <span class='ocr_line' id='line_1_29' title="bbox 90 1929 1191 1983; baseline 0 -13"><span class='ocrx_word' id='word_1_182' title='bbox 90 1930 230 1971; x_wconf 86' lang='lat' dir='ltr'>clausa</span> <span class='ocrx_word' id='word_1_183' title='bbox 255 1930 402 1970; x_wconf 89' lang='lat' dir='ltr'>domus</span> <span class='ocrx_word' id='word_1_184' title='bbox 428 1944 675 1983; x_wconf 88' lang='lat' dir='ltr'>mensasque</span> <span class='ocrx_word' id='word_1_185' title='bbox 700 1937 812 1971; x_wconf 89' lang='lat' dir='ltr'>metu</span> <span class='ocrx_word' id='word_1_186' title='bbox 837 1930 995 1982; x_wconf 90' lang='lat' dir='ltr'>liquere</span> <span class='ocrx_word' id='word_1_187' title='bbox 1020 1929 1191 1983; x_wconf 72' lang='lat' dir='ltr'>priores·</span> 
     </span>
     <span class='ocr_line' id='line_1_30' title="bbox 89 1992 1134 2033; baseline -0.002 0"><span class='ocrx_word' id='word_1_188' title='bbox 89 1993 244 2033; x_wconf 87' lang='lat' dir='ltr'>tristius</span> <span class='ocrx_word' id='word_1_189' title='bbox 269 1993 380 2033; x_wconf 88' lang='lat' dir='ltr'>haud</span> <span class='ocrx_word' id='word_1_190' title='bbox 404 1992 483 2033; x_wconf 91' lang='lat' dir='ltr'>illis</span> <span class='ocrx_word' id='word_1_191' title='bbox 508 2000 738 2033; x_wconf 89' lang='lat' dir='ltr'>monstrum</span> <span class='ocrx_word' id='word_1_192' title='bbox 761 2006 839 2033; x_wconf 90' lang='lat' dir='ltr'>nec</span> <span class='ocrx_word' id='word_1_193' title='bbox 865 1992 1026 2032; x_wconf 87' lang='lat' dir='ltr'>saevior</span> <span class='ocrx_word' id='word_1_194' title='bbox 1049 1992 1134 2032; x_wconf 89' lang='lat' dir='ltr'>ulla</span> 
     </span>
     <span class='ocr_line' id='line_1_31' title="bbox 88 2053 1149 2110; baseline -0.002 -14"><span class='ocrx_word' id='word_1_195' title='bbox 88 2055 216 2110; x_wconf 88' lang='lat' dir='ltr'>pestis</span> <span class='ocrx_word' id='word_1_196' title='bbox 241 2062 281 2095; x_wconf 91' lang='lat' dir='ltr'>et</span> <span class='ocrx_word' id='word_1_197' title='bbox 303 2055 364 2095; x_wconf 89' lang='lat' dir='ltr'>ira</span> <span class='ocrx_word' id='word_1_198' title='bbox 389 2055 513 2095; x_wconf 90' lang='lat' dir='ltr'>deum</span> <span class='ocrx_word' id='word_1_199' title='bbox 541 2053 701 2110; x_wconf 81' lang='lat' dir='ltr'>Stygiis</span> <span class='ocrx_word' id='word_1_200' title='bbox 727 2070 815 2096; x_wconf 86' lang='lat' dir='ltr'>sese</span> <span class='ocrx_word' id='word_1_201' title='bbox 841 2054 987 2094; x_wconf 86' lang='lat' dir='ltr'>extulit</span> <span class='ocrx_word' id='word_1_202' title='bbox 1013 2054 1149 2095; x_wconf 91' lang='lat' dir='ltr'>undis.</span> 
     </span>
     <span class='ocr_line' id='line_1_32' title="bbox 89 2116 1126 2172; baseline -0.001 -15"><span class='ocrx_word' id='word_1_203' title='bbox 89 2116 264 2172; x_wconf 87' lang='lat' dir='ltr'>virginei</span> <span class='ocrx_word' id='word_1_204' title='bbox 288 2118 502 2158; x_wconf 86' lang='lat' dir='ltr'>volucrum</span> <span class='ocrx_word' id='word_1_205' title='bbox 528 2117 680 2165; x_wconf 89' lang='lat' dir='ltr'>vultus,</span> <span class='ocrx_word' id='word_1_206' title='bbox 707 2116 947 2158; x_wconf 88' lang='lat' dir='ltr'>foedissima</span> <span class='ocrx_word' id='word_1_207' title='bbox 971 2117 1126 2156; x_wconf 86' lang='lat' dir='ltr'>ventris</span> 
     </span>
     <span class='ocr_line' id='line_1_33' title="bbox 88 2178 1144 2235; baseline -0.001 -15"><span class='ocrx_word' id='word_1_208' title='bbox 88 2180 298 2235; x_wconf 87' lang='lat' dir='ltr'>proluvies</span> <span class='ocrx_word' id='word_1_209' title='bbox 323 2193 539 2233; x_wconf 89' lang='lat' dir='ltr'>uncaeque</span> <span class='ocrx_word' id='word_1_210' title='bbox 564 2194 712 2220; x_wconf 89' lang='lat' dir='ltr'>manus</span> <span class='ocrx_word' id='word_1_211' title='bbox 738 2186 779 2221; x_wconf 86' lang='lat' dir='ltr'>et</span> <span class='ocrx_word' id='word_1_212' title='bbox 802 2178 956 2234; x_wconf 88' lang='lat' dir='ltr'>pallida</span> <span class='ocrx_word' id='word_1_213' title='bbox 981 2193 1144 2233; x_wconf 88' lang='lat' dir='ltr'>semper</span> 
     </span>
    </p>

    <p class='ocr_par' dir='ltr' id='par_1_14' title="bbox 89 2242 310 2283">
     <span class='ocr_line' id='line_1_34' title="bbox 89 2242 310 2283; baseline 0 -1"><span class='ocrx_word' id='word_1_214' title='bbox 89 2256 162 2282; x_wconf 87' lang='lat' dir='ltr'>ora</span> <span class='ocrx_word' id='word_1_215' title='bbox 186 2242 310 2283; x_wconf 90' lang='lat' dir='ltr'>fame.</span> 
     </span>
    </p>

    <p class='ocr_par' dir='ltr' id='par_1_15' title="bbox 88 2303 993 2359">
     <span class='ocr_line' id='line_1_35' title="bbox 88 2303 993 2359; baseline -0.001 -14"><span class='ocrx_word' id='word_1_216' title='bbox 88 2303 171 2345; x_wconf 93' lang='lat' dir='ltr'>huc</span> <span class='ocrx_word' id='word_1_217' title='bbox 195 2303 268 2344; x_wconf 90' lang='lat' dir='ltr'>ubi</span> <span class='ocrx_word' id='word_1_218' title='bbox 293 2304 419 2345; x_wconf 91' lang='lat' dir='ltr'>delati</span> <span class='ocrx_word' id='word_1_219' title='bbox 443 2311 587 2359; x_wconf 89' lang='lat' dir='ltr'>portus</span> <span class='ocrx_word' id='word_1_220' title='bbox 611 2303 870 2353; x_wconf 89' lang='lat' dir='ltr'>intravimus,</span> <span class='ocrx_word' id='word_1_221' title='bbox 897 2318 993 2345; x_wconf 91' lang='lat' dir='ltr'>ecce</span> 
     </span>
    </p>

    <p class='ocr_par' dir='ltr' id='par_1_16' title="bbox 87 2366 1215 2546">
     <span class='ocr_line' id='line_1_36' title="bbox 87 2366 1133 2421; baseline -0.001 -14"><span class='ocrx_word' id='word_1_222' title='bbox 87 2367 198 2408; x_wconf 86' lang='lat' dir='ltr'>laeta</span> <span class='ocrx_word' id='word_1_223' title='bbox 222 2366 347 2407; x_wconf 91' lang='lat' dir='ltr'>boum</span> <span class='ocrx_word' id='word_1_224' title='bbox 371 2366 525 2421; x_wconf 89' lang='lat' dir='ltr'>passim</span> <span class='ocrx_word' id='word_1_225' title='bbox 551 2366 708 2421; x_wconf 88' lang='lat' dir='ltr'>campis</span> <span class='ocrx_word' id='word_1_226' title='bbox 733 2373 919 2407; x_wconf 87' lang='lat' dir='ltr'>armenta</span> <span class='ocrx_word' id='word_1_227' title='bbox 943 2366 1133 2407; x_wconf 91' lang='lat' dir='ltr'>videmus</span> 
     </span>
     <span class='ocr_line' id='line_1_37' title="bbox 89 2428 1215 2484; baseline -0.001 -13"><span class='ocrx_word' id='word_1_228' title='bbox 89 2429 442 2483; x_wconf 84' lang='lat' dir='ltr'>caprigenumque</span> <span class='ocrx_word' id='word_1_229' title='bbox 468 2444 594 2484; x_wconf 85' lang='lat' dir='ltr'>pecus</span> <span class='ocrx_word' id='word_1_230' title='bbox 619 2429 732 2469; x_wconf 92' lang='lat' dir='ltr'>nullo</span> <span class='ocrx_word' id='word_1_231' title='bbox 757 2429 926 2469; x_wconf 85' lang='lat' dir='ltr'>custode</span> <span class='ocrx_word' id='word_1_232' title='bbox 952 2443 1026 2482; x_wconf 91' lang='lat' dir='ltr'>per</span> <span class='ocrx_word' id='word_1_233' title='bbox 1050 2428 1215 2470; x_wconf 81' lang='lat' dir='ltr'>herbas.</span> 
     </span>
     <span class='ocr_line' id='line_1_38' title="bbox 88 2490 1098 2546; baseline -0.001 -14"><span class='ocrx_word' id='word_1_234' title='bbox 88 2491 291 2532; x_wconf 89' lang='lat' dir='ltr'>inruimus</span> <span class='ocrx_word' id='word_1_235' title='bbox 316 2490 423 2532; x_wconf 87' lang='lat' dir='ltr'>ferro</span> <span class='ocrx_word' id='word_1_236' title='bbox 449 2499 490 2533; x_wconf 89' lang='lat' dir='ltr'>et</span> <span class='ocrx_word' id='word_1_237' title='bbox 513 2491 630 2532; x_wconf 90' lang='lat' dir='ltr'>divos</span> <span class='ocrx_word' id='word_1_238' title='bbox 654 2491 875 2546; x_wconf 89' lang='lat' dir='ltr'>ipsumque</span> <span class='ocrx_word' id='word_1_239' title='bbox 900 2505 1098 2531; x_wconf 87' lang='lat' dir='ltr'>vocamus</span> 
     </span>
    </p>

    <p class='ocr_par' dir='ltr' id='par_1_17' title="bbox 88 2552 1246 2670">
     <span class='ocr_line' id='line_1_39' title="bbox 88 2552 1222 2608; baseline -0.001 -14"><span class='ocrx_word' id='word_1_240' title='bbox 88 2553 132 2594; x_wconf 91' lang='lat' dir='ltr'>in</span> <span class='ocrx_word' id='word_1_241' title='bbox 156 2560 315 2608; x_wconf 88' lang='lat' dir='ltr'>partem</span> <span class='ocrx_word' id='word_1_242' title='bbox 340 2554 621 2607; x_wconf 86' lang='lat' dir='ltr'>praedamque</span> <span class='ocrx_word' id='word_1_243' title='bbox 645 2553 790 2594; x_wconf 87' lang='lat' dir='ltr'>Iovem</span> <span class='ocrx_word' id='word_1_244' title='bbox 799 2569 809 2602; x_wconf 85' lang='lat'><em>3</em></span> <span class='ocrx_word' id='word_1_245' title='bbox 839 2559 928 2594; x_wconf 87' lang='lat' dir='ltr'>tum</span> <span class='ocrx_word' id='word_1_246' title='bbox 951 2552 1069 2594; x_wconf 90' lang='lat' dir='ltr'>litore</span> <span class='ocrx_word' id='word_1_247' title='bbox 1095 2567 1222 2594; x_wconf 88' lang='lat' dir='ltr'>curvo</span> 
     </span>
     <span class='ocr_line' id='line_1_40' title="bbox 89 2615 1246 2670; baseline 0 -14"><span class='ocrx_word' id='word_1_248' title='bbox 89 2615 398 2669; x_wconf 84' lang='lat' dir='ltr'>extruimusque</span> <span class='ocrx_word' id='word_1_249' title='bbox 423 2623 533 2657; x_wconf 88' lang='lat' dir='ltr'>toros</span> <span class='ocrx_word' id='word_1_250' title='bbox 559 2615 820 2670; x_wconf 86' lang='lat' dir='ltr'>dapibusque</span> <span class='ocrx_word' id='word_1_251' title='bbox 846 2615 1063 2670; x_wconf 89' lang='lat' dir='ltr'>epulamur</span> <span class='ocrx_word' id='word_1_252' title='bbox 1086 2615 1246 2670; x_wconf 89' lang='lat' dir='ltr'>opimis.</span> 
     </span>
    </p>
   </div>
   <div class='ocr_carea' id='block_1_7' title="bbox 1366 133 1446 176">
    <p class='ocr_par' dir='ltr' id='par_1_18' title="bbox 1366 133 1446 176">
     <span class='ocr_line' id='line_1_41' title="bbox 1366 133 1446 176; baseline 0.013 -1"><span class='ocrx_word' id='word_1_253' title='bbox 1366 133 1446 176; x_wconf 85' lang='lat'>135</span> 
     </span>
    </p>
   </div>
   <div class='ocr_carea' id='block_1_8' title="bbox 1470 498 1535 538">
    <p class='ocr_par' dir='ltr' id='par_1_19' title="bbox 1470 498 1535 538">
     <span class='ocr_line' id='line_1_42' title="bbox 1470 498 1535 538; baseline 0.031 -2"><span class='ocrx_word' id='word_1_254' title='bbox 1470 498 1535 538; x_wconf 82' lang='lat'>&#39;190</span> 
     </span>
    </p>
   </div>
   <div class='ocr_carea' id='block_1_9' title="bbox 1472 816 1534 848">
    <p class='ocr_par' dir='ltr' id='par_1_20' title="bbox 1472 816 1534 848">
     <span class='ocr_line' id='line_1_43' title="bbox 1472 816 1534 848; baseline -0.016 0"><span class='ocrx_word' id='word_1_255' title='bbox 1472 816 1534 848; x_wconf 85' lang='lat'>195</span> 
     </span>
    </p>
   </div>
   <div class='ocr_carea' id='block_1_10' title="bbox 1469 1128 1535 1158">
    <p class='ocr_par' dir='ltr' id='par_1_21' title="bbox 1469 1128 1535 1158">
     <span class='ocr_line' id='line_1_44' title="bbox 1469 1128 1535 1158; baseline 0 0"><span class='ocrx_word' id='word_1_256' title='bbox 1469 1128 1535 1158; x_wconf 79' lang='lat'>200</span> 
     </span>
    </p>
   </div>
   <div class='ocr_carea' id='block_1_11' title="bbox 1468 1441 1531 1472">
    <p class='ocr_par' dir='ltr' id='par_1_22' title="bbox 1468 1441 1531 1472">
     <span class='ocr_line' id='line_1_45' title="bbox 1468 1441 1531 1472; baseline 0.032 -2"><span class='ocrx_word' id='word_1_257' title='bbox 1468 1441 1531 1472; x_wconf 80' lang='lat'>205</span> 
     </span>
    </p>
   </div>
   <div class='ocr_carea' id='block_1_12' title="bbox 1464 2066 1528 2096">
    <p class='ocr_par' dir='ltr' id='par_1_23' title="bbox 1464 2066 1528 2096">
     <span class='ocr_line' id='line_1_46' title="bbox 1464 2066 1528 2096; baseline 0 0"><span class='ocrx_word' id='word_1_258' title='bbox 1464 2066 1528 2096; x_wconf 79' lang='lat'>215</span> 
     </span>
    </p>
   </div>
   <div class='ocr_carea' id='block_1_13' title="bbox 1463 2377 1527 2408">
    <p class='ocr_par' dir='ltr' id='par_1_24' title="bbox 1463 2377 1527 2408">
     <span class='ocr_line' id='line_1_47' title="bbox 1463 2377 1527 2408; baseline 0 0"><span class='ocrx_word' id='word_1_259' title='bbox 1463 2377 1527 2408; x_wconf 82' lang='lat'>220</span> 
     </span>
    </p>
   </div>
  </div>
 </body>
</html>
