1660 2847
557 146 810 184 AENEIDOS
834 147 927 183 LIB.
952 147 997 184 V.

161 253 272 295 Tum
295 253 405 294 Iuno
426 251 697 306 omnipotens,
722 252 895 307 longum
920 251 1115 293 miserata
1140 250 1324 293 dolorem

105 316 366 370 difficilisque
391 314 540 363 obitus,
566 315 667 355 Irim
692 314 856 355 demisit
882 312 1081 369 Olympo,

106 391 214 431 quae
237 379 462 419 luctantem
486 376 667 417 animam
692 391 906 430 nexosque
930 377 1156 418 resolveret
1181 382 1307 417 artus.

104 455 201 480 nam
225 440 321 493 quia
344 454 422 480 nec
446 439 546 488 fato,
571 439 718 480 merita
742 454 819 480 nec
844 445 974 480 morte
999 439 1175 494 peribat,

105 502 178 543 sed
201 502 351 543 misera
374 508 468 543 ante
493 501 602 542 diem
628 501 848 555 subitoque
873 515 1049 542 accensa
1073 501 1226 551 furore,

103 564 288 604 nondum
311 563 369 604 illi
392 564 547 604 flavum
571 563 824 618 Proserpina
849 563 1002 605 vertice
1027 563 1182 605 crinem

104 625 330 666 abstulerat
356 623 588 680 Stygioque
614 633 740 679 caput
763 626 1034 667 damnaverat
1060 624 1189 667 Orco.

104 702 202 742 ergo
226 687 305 728 Iris
330 688 484 728 croceis
510 702 583 741 per
608 688 769 728 caelum
794 688 957 729 roscida
981 687 1132 742 pinnis,

102 749 215 789 mille
240 749 406 791 trahens
431 750 567 790 Varios
594 749 768 790 adverso
795 750 880 791 sole
907 750 1078 798 colores,

103 810 268 852 devolat
292 819 333 852 et
357 826 482 865 supra
507 818 632 866 caput
656 811 824 852 adstitit.
863 811 993 852 ‘hunc
1019 826 1097 866 ego
1123 810 1216 852 Diti

102 887 266 914 sacrum
291 873 403 914 iussa
426 873 514 914 fero
538 882 661 927 teque
685 874 764 914 isto
790 888 962 928 corpore
989 873 1143 914 solvo:’

103 935 161 977 sic
186 935 243 976 ait
266 943 306 976 et
331 936 475 976 dextra
500 935 654 976 crinem
680 943 804 985 secat,
831 936 963 976 omnis
990 943 1030 977 et
1054 952 1139 977 una

103 997 286 1053 dilapsus
313 999 423 1039 calor
448 1005 572 1052 atque
597 998 640 1039 in
665 1005 809 1041 ventos
835 1000 921 1040 vita
944 999 1127 1039 recessit.

522 1286 1018 1338 AENEIDOS

634 1435 823 1473 LIBER
858 1436 906 1473 V.

157 1555 322 1597 Interea
347 1556 528 1597 medium
554 1557 722 1597 Aeneas
747 1556 829 1596 iam
855 1556 985 1597 classe
1011 1556 1181 1597 tenebat

102 1624 236 1659 certus
262 1617 338 1659 iter
361 1618 595 1672 fluctusque
621 1626 730 1658 atros
756 1617 950 1670 aquilone
975 1618 1156 1666 secabat,

100 1679 265 1721 moenia
289 1680 526 1734 respiciens,
552 1695 658 1733 quae
684 1680 766 1720 iam
791 1679 968 1721 infelicis
994 1679 1157 1721 Elissae

102 1743 319 1784 conlucent
343 1742 533 1783 flammis.
583 1757 689 1796 quae
715 1749 875 1782 tantum
901 1742 1136 1783 accenderit
1160 1742 1301 1796 ignem

103 1819 228 1845 causa
251 1805 363 1854 latet,
390 1805 482 1845 duri
506 1819 658 1860 magno
683 1804 756 1845 sed
783 1819 922 1845 amore
948 1805 1111 1845 dolores

102 1867 258 1921 polluto
282 1874 524 1920 notumque,
548 1867 689 1908 furens
715 1867 815 1920 quid
840 1867 996 1907 femina
1021 1866 1165 1921 possit,

102 1929 216 1970 triste
241 1945 314 1984 per
339 1930 560 1985 augurium
585 1930 842 1971 Teucrorum
868 1937 1038 1984 pectora
1063 1929 1233 1970 ducunt.

102 1998 150 2032 ut
171 1992 344 2048 pelagus
370 2000 540 2034 tenuere
566 2000 674 2034 rates
699 2007 775 2033 nec
800 1993 882 2032 iam
909 1992 1086 2046 amplius
1111 1993 1196 2033 ulla

103 2055 279 2095 occurrit
302 2055 437 2104 tellus,
463 2055 594 2095 maria
618 2055 802 2108 undique
829 2061 869 2095 et
892 2054 1079 2107 undique
1104 2054 1281 2103 caelum,

103 2117 172 2157 olli
197 2117 409 2158 caeruleus
435 2132 560 2172 supra
585 2124 711 2171 caput
734 2116 890 2157 adstitit
913 2116 1058 2164 imber,

1369 138 1449 180 167

1477 386 1539 416 695

1477 697 1541 728 700

1477 1007 1539 1038 705

1476 2129 1515 2157 10

102 2187 265 2220 noctem
289 2178 551 2233 hiememque
576 2179 727 2228 ferens,
755 2186 794 2220 et
818 2178 1022 2219 inhorruit
1046 2178 1159 2220 unda
1184 2178 1376 2219 tenebris.

102 2242 191 2296 ipse
216 2241 467 2296 gubernator
491 2242 621 2296 puppi
645 2242 869 2282 Palinurus
896 2241 948 2281 ab
975 2241 1058 2282 alta

103 2303 217 2351 ‘heu‚
243 2304 436 2357 quianam
460 2304 563 2344 tanti
588 2303 803 2344 cinxerunt
829 2303 998 2344 aethera
1021 2303 1177 2344 nimbi?

103 2365 268 2419 quidve,
294 2373 410 2419 pater
434 2366 642 2420 Neptune,
668 2365 833 2420 paras?’
866 2366 924 2406 sic
950 2366 1101 2406 deinde
1126 2367 1288 2406 locutus

104 2428 297 2482 colligere
322 2443 435 2469 arma
458 2428 574 2469 iubet
598 2428 827 2481 validisque
852 2428 1091 2469 incumbere
1117 2428 1239 2469 remis

103 2490 372 2542 obliquatque
396 2490 510 2531 sinus
534 2490 576 2530 in
601 2497 770 2531 ventum
797 2505 845 2530 ac
869 2490 967 2530 talia
992 2490 1120 2530 fatur:

104 2552 388 2606 ‘magnanime
414 2553 572 2602 Aenea,
597 2567 694 2601 non,
721 2553 752 2593 si
778 2552 878 2592 mihi
903 2552 1092 2606 Iuppiter
1117 2559 1261 2593 auctor

104 2614 318 2669 spondeat,
343 2614 422 2655 hoc
447 2630 608 2669 sperem
634 2615 798 2655 Italiam
824 2614 1063 2669 contingere
1089 2616 1216 2656 caelo.

1475 2440 1514 2469 15
