1660 2847
148 337 209 368 175

145 649 208 681 180

143 961 204 992 185

141 1274 204 1305 190

141 1588 202 1619 195

137 1901 202 1933 200

238 151 320 195 218
656 161 699 196 Ρ.
717 159 929 198 VERGILI
952 161 1176 199 MARONIS

236 264 406 319 regibus
431 279 553 306 omen
579 270 679 314 erat,
705 264 783 308 hoc
808 265 887 306 illis
913 265 1028 307 curia
1051 266 1267 321 templum,

236 327 314 369 hae
339 327 466 369 saeris
493 326 612 368 sedes
637 328 784 382 epulis,
808 328 875 369 hic
900 328 1027 370 ariete
1051 343 1173 371 caeso

234 390 446 445 perpetuis
472 389 580 431 soliti
605 397 742 444 patres
769 390 982 432 considere
1006 391 1172 432 mensis.

235 452 336 505 quin
362 453 484 493 etiam
510 458 699 493 veterum
725 453 886 508 effigies
912 468 964 495 ex
989 453 1132 495 ordine
1157 469 1330 496 avorum

234 515 407 569 antiqua
431 530 454 556 e
479 515 616 564 cedro,
641 515 855 569 Italusque
879 522 1080 570 paterque
1107 515 1289 558 Sabinus

234 577 433 626 vitisator,
459 592 629 618 curvam
654 592 823 618 servans
849 578 927 618 sub
951 579 1133 633 imagine
1158 579 1321 629 falcem,

234 638 526 693 Saturnusque
551 655 678 681 senex
702 640 877 694 Ianique
904 640 1093 682 bifrontis
1118 641 1270 696 imago,

232 702 438 743 vestibulo
464 702 687 743 adstabant
711 703 864 756 aliique
891 703 944 744 ab
970 703 1127 757 origiue
1152 719 1272 758 reges

231 764 471 818 Elartiaque
496 764 549 804 ob
575 765 751 818 patriam
775 765 1004 819 pugnando
1029 766 1198 807 volnera
1222 765 1343 820 passi.

231 826 448 880 multaque
472 834 687 881 praeterea
711 827 838 869 saeris
864 827 906 868 in
931 827 1118 882 postibus
1143 843 1271 877 arma,

232 889 384 944 captivi
409 889 593 944 pendent
618 903 763 930 currus
788 904 1023 943 curvaeque
1048 905 1214 931 secures

231 959 272 993 et
296 952 443 993 cristae
468 952 652 1006 capitum
677 958 716 993 et
741 958 953 1006 portarum
979 952 1164 1006 ingentia
1189 952 1368 994 claustra

231 1014 474 1070 spiculaque
500 1014 705 1068 clipeique
731 1021 955 1068 ereptaque
980 1021 1112 1055 rostra
1137 1014 1297 1056 carinis.

229 1077 318 1132 ipse
344 1076 552 1129 Quirinali
577 1077 678 1117 lituo
703 1091 915 1131 parvaque
941 1077 1113 1118 sedebat

230 1139 464 1181 succinctus
490 1139 634 1180 trabea
657 1139 858 1193 laevaque
884 1139 1016 1181 ancile
1041 1139 1213 1194 gerebat

227 1201 370 1251 Picus,
396 1216 550 1255 equum
575 1201 771 1251 domit0r3
797 1216 920 1255 quem
947 1208 1068 1256 capta
1093 1201 1287 1256 cupidine
1312 1201 1494 1244 coniunx

229 1280 355 1306 aurea
379 1278 625 1319 percussum
649 1264 770 1318 virga
793 1278 1045 1317 versumque
1071 1264 1241 1305 venenis

228 1327 327 1369 feeit
351 1342 472 1368 avem
498 1324 620 1368 Circe
646 1326 879 1381 sparsitque
905 1326 1112 1368 coloribus
1138 1326 1238 1368 alas.

229 1389 302 1430 tali
326 1389 436 1430 intus
461 1388 615 1443 templo
641 1388 784 1429 divum
809 1388 1025 1443 patriaque
1050 1387 1228 1429 Latinus

231 1452 327 1493 sede
352 1451 499 1493 sedens
525 1451 710 1492 Teucros
736 1450 789 1492 ad
814 1466 903 1492 sese
928 1451 969 1491 in
995 1457 1103 1492 tecta
1127 1450 1292 1492 vocavit

228 1521 353 1569 atque
378 1514 481 1555 haec
504 1513 701 1569 ingressis
728 1513 891 1568 placido
916 1513 1027 1568 prior
1053 1513 1182 1554 edidit
1206 1528 1294 1554 ore:

286 1577 458 1626 ‘Dicite,
484 1575 757 1617 Dardanidae
783 1576 936 1629 (neque
962 1575 1072 1617 enim
1096 1575 1304 1617 nescimus
1330 1582 1370 1617 et
1396 1575 1542 1618 urbem

228 1647 267 1682 et
290 1654 423 1695 genus
449 1638 661 1692 auditique
687 1638 899 1680 advertitis
924 1652 1104 1691 aequore
1130 1640 1328 1691 cursum),

227 1702 329 1756 quid
352 1701 513 1757 petitis?
538 1715 645 1755 quae
671 1715 797 1742 causa
820 1707 928 1742 rates
953 1707 1024 1741 aut
1048 1700 1165 1742 cuius
1190 1699 1349 1755 egentis

225 1765 322 1806 litus
349 1764 402 1805 ad
427 1763 664 1805 Ausonium
690 1770 751 1804 tot
774 1778 848 1818 per
872 1763 980 1804 vada
1004 1763 1169 1804 caerula
1196 1762 1333 1804 vexit?

227 1827 313 1869 sive
339 1841 475 1868 errore
501 1825 592 1867 viae
617 1840 691 1867 seu
715 1825 1032 1880 tempestatibus
1057 1825 1152 1875 aeti,

226 1890 366 1944 qualia
390 1889 521 1930 multa
546 1888 650 1929 mari
674 1894 826 1929 nautae
851 1887 1066 1943 patiuntur
1089 1887 1131 1928 in
1156 1886 1255 1937 alto,

225 1952 406 1995 fluminis
432 1950 613 1992 intrastis
637 1950 747 2005 ripas
772 1957 979 2005 portuque
1004 1950 1169 1998 sedetis,

225 2031 278 2057 ne
303 2014 436 2070 fugite
460 2013 683 2069 hospitium
708 2028 814 2054 neve
838 2013 1027 2068 ignorate
1053 2011 1228 2053 Latinos

230 2078 401 2120 Saturni
426 2083 607 2132 gentem,
634 2076 746 2117 haud
772 2075 907 2117 vinclo
932 2090 1009 2117 nec
1033 2075 1195 2130 legibus
1221 2088 1411 2128 aequam,

227 2147 372 2197 sponte
398 2155 474 2181 sua
498 2138 733 2193 veterisque
758 2138 825 2180 dei
850 2153 894 2180 se
919 2153 1033 2179 more
1058 2144 1279 2179 tenentem.

227 2210 351 2258 atque
376 2202 570 2257 equidem
594 2200 764 2243 memini
788 2201 918 2253 (fama
943 2207 1005 2242 est
1029 2199 1243 2241 obscurior
1268 2199 1403 2253 annis)

226 2268 450 2308 Auruncos
475 2265 532 2306 ita
556 2264 663 2305 ferre
688 2278 821 2312 senes,
846 2263 909 2304 his
934 2270 1048 2304 ortus
1072 2269 1118 2303 ut
1142 2262 1253 2316 agris

225 2328 450 2370 Dardanus
476 2327 624 2368 Idaeas
648 2325 861 2381 Phrygiae
886 2325 1118 2381 penetravit
1143 2324 1196 2365 ad
1223 2323 1347 2366 urbes

225 2391 546 2443 Threiciamque
572 2388 759 2436 Samum,
786 2402 893 2442 quae
918 2402 1028 2429 nunc
1054 2386 1344 2428 Samothracia
1370 2385 1510 2428 fertur.

226 2453 323 2495 hinc
346 2453 463 2493 illum
489 2450 664 2505 Corythi
689 2451 908 2505 Tyrrhena
933 2450 985 2491 ab
1012 2449 1108 2491 sede
1134 2449 1368 2504 profectum

137 2526 202 2560 210
226 2532 354 2559 aurea
376 2530 488 2556 nune
512 2515 614 2556 solio
639 2513 839 2555 stellantis
864 2513 980 2569 regia
1004 2512 1107 2554 caeli

227 2579 375 2634 accipit
400 2585 440 2619 et
463 2592 684 2618 numerum
708 2576 898 2617 divorum
923 2575 1120 2617 altaribus
1146 2574 1297 2629 auget.'

281 2642 472 2692 Dixerat,
499 2647 540 2682 et
563 2640 674 2682 dieta
698 2640 881 2682 Ilioneus
906 2639 964 2681 sic
989 2653 1090 2681 voce
1115 2646 1300 2680 secutus:
