1628 2847
112 1322 152 1353 10

111 1640 150 1671 15

109 1953 152 1984 20

110 2266 151 2297 25

112 2579 155 2609 30

183 134 267 177 354

678 146 1028 185 CATALEPTON.

295 248 381 298 sed,
408 264 431 290 0
457 250 634 305 superbe
660 250 881 301 Noctuine,
905 266 989 294 non
1014 253 1129 296 vides

294 311 397 352 duas
422 312 576 353 habere
600 312 705 354 filias
731 314 922 363 Atilium,

295 374 412 423 duas,
440 382 479 416 et
504 375 611 417 hanc
636 382 675 416 et
699 376 884 425 alteram,
910 376 985 418 tibi
1010 377 1112 420 dari.

295 436 436 478 adeste
459 452 582 486 nunc,
609 438 768 479 adeste:
795 439 922 488 ducit,
948 446 995 479 ut
1019 440 1151 490 decet,

294 499 499 553 superbus
525 514 620 542 ecce
646 500 878 542 Noctuinus
904 500 1104 544 hirneam.

293 561 476 612 Talasio‚
501 562 682 613 Talasio,
709 562 896 604 Talasio!

737 670 856 712 xm
881 671 970 723 (V.)

291 748 434 791 Iacere
458 764 539 799 me,
566 749 678 803 quod
703 750 786 791 alta
809 765 893 792 non
917 750 1086 806 possim,
1111 758 1247 807 putas,

348 818 394 852 ut
419 818 528 861 ante,
554 812 709 853 vectari
734 812 840 854 freta

290 888 367 915 nec
391 874 498 915 ferre
523 873 674 915 durum
698 874 832 929 frigus
858 881 929 915 aut
953 882 1114 917 aestum
1138 875 1226 931 pati

346 950 481 989 neque
507 951 623 977 arma
647 936 815 977 victoris
840 937 968 991 sequi.

291 998 442 1047 valent,
469 998 609 1040 valent
633 998 735 1039 mihi
759 998 820 1040 ira
844 1006 884 1040 et
911 999 1105 1053 antiquus
1130 999 1248 1041 furor

347 1067 389 1103 et
412 1061 569 1116 lingua,
595 1076 678 1116 qua
703 1061 919 1117 adsignem
944 1061 1020 1102 tibi

290 1131 331 1166 et
355 1124 600 1179 prostitutae
625 1131 745 1179 turpe
770 1124 1089 1166 contubernium

346 1186 496 1228 sororis
521 1211 575 1216 —
600 1201 624 1227 ο
649 1186 750 1240 quid
775 1202 841 1228 me
865 1187 1040 1228 incitas?

290 1249 404 1304 quid,
429 1249 627 1304 inpudice
653 1257 693 1291 et
718 1249 977 1304 inprobande
1003 1247 1190 1299 Caesari,

345 1327 418 1353 seu
444 1312 554 1354 furta
579 1312 770 1353 dicantur
795 1319 867 1353 tua

291 1381 332 1417 et
355 1375 537 1416 helluato
563 1389 656 1417 sera
679 1374 929 1430 patrimonio

343 1438 385 1479 in
410 1438 538 1479 fratre
562 1437 815 1493 parsimonia

291 1501 357 1543 vel
382 1507 476 1541 acta
500 1515 630 1555 puero
656 1515 751 1541 cum
776 1499 874 1540 viris
900 1498 1091 1541 convivia

344 1563 537 1616 udaeque
562 1578 636 1618 per
662 1577 856 1604 somnum
879 1569 998 1603 nates

289 1633 329 1668 et
352 1626 482 1667 inscio
507 1633 678 1681 repente
704 1626 926 1668 clamatum
951 1625 1123 1680 insuper

345 1688 528 1738 Talasio‚
554 1687 738 1730 Talasio.

288 1751 389 1806 quid
414 1750 610 1806 palluisti‚
637 1750 816 1792 femina?
841 1765 894 1791 an
918 1748 999 1791 ioci
1024 1749 1189 1790 dolent?

346 1829 399 1855 an
423 1813 535 1855 facta
560 1813 776 1868 cognoscis
803 1812 898 1853 tua?

288 1891 373 1919 non
397 1891 463 1917 me
489 1876 658 1917 vocabis
684 1875 858 1930 pulchra
882 1889 957 1930 per
982 1874 1168 1928 Cotyttia

345 1940 398 1981 ad
423 1938 592 1980 feriatos
617 1938 810 1987 fascinos,

287 2017 365 2045 nec
390 2002 538 2043 deinde
564 2008 604 2043 te
629 2015 796 2042 movere
821 1999 986 2042 lumbos
1010 1999 1054 2040 in
1079 1999 1185 2041 stola

344 2064 504 2120 prensis
529 2064 680 2105 videbo
706 2062 906 2105 altaribus

289 2128 529 2181 flavumque
554 2133 723 2181 propter
747 2125 953 2180 Thybrim
979 2124 1137 2166 olentes
1162 2123 1374 2166 nauticum

344 2204 507 2239 vocare,
532 2189 604 2230 ubi
629 2188 829 2243 adpulsae
853 2194 964 2229 rates

289 2259 400 2294 stant
423 2253 465 2293 in
490 2251 608 2293 vadis
633 2265 761 2293 caeno
785 2256 970 2292 retentae
996 2249 1162 2290 sordido

345 2329 568 2369 macraque
592 2315 798 2356 luctantes
825 2328 933 2368 aqua
942 2328 952 2362 3

291 2392 429 2432 neque
454 2378 496 2419 in
521 2377 702 2419 culinam
729 2383 768 2418 ct
792 2382 919 2417 uncta
944 2373 1182 2430 compitalia

348 2441 560 2495 dapesque
586 2440 712 2481 duces
738 2438 938 2488 sordidas,

287 2503 440 2558 quibus
467 2503 649 2558 repletus
675 2509 715 2544 et
739 2501 927 2543 salivosis
952 2499 1094 2549 labris,

350 2566 521 2607 obesam
547 2565 600 2606 ad
625 2579 797 2606 uxorem
823 2563 932 2605 redis

295 2636 334 2670 et
359 2634 596 2670 aestuantes
623 2628 718 2669 dote
743 2626 869 2669 solvis
894 2625 1092 2682 pantices,
