1660 2847
527 154 781 192 AENEIDOS
804 155 900 191 LIB.
924 156 973 191 X.

82 261 234 304 intorto
257 261 349 317 figit
371 259 466 311 telo,
492 260 730 302 discrimina
753 259 875 302 costis

82 339 156 379 per
179 324 361 366 medium
386 337 468 377 qua
491 323 611 378 spina
635 322 773 371 dabat,
798 321 1043 375 hastamque
1067 328 1254 377 receptat

82 386 243 427 ossibus
267 386 516 427 haerentem.
565 398 689 438 quem
712 397 794 424 non
819 398 943 438 super
967 391 1144 439 occupat
1168 383 1319 434 Hisbo,

81 448 150 490 ille
174 449 340 502 quidem
362 447 442 488 hoc
467 462 653 503 sperans:
678 461 775 487 nam
797 445 939 487 Pallas
964 453 1060 488 ante
1085 453 1289 496 ruentem,

82 510 181 551 dum
206 510 316 559 furit,
340 510 552 551 incautum
578 508 734 550 crudeli
758 514 889 549 morte
915 508 1066 549 sodalis

82 572 234 627 excipit
256 578 379 625 atque
405 587 547 613 ensem
571 571 731 612 tumido
755 571 798 611 in
822 570 1018 625 pulmone
1043 571 1242 614 recondit.

80 633 175 674 hinc
199 632 419 675 Sthenium
443 633 547 689 petit
571 640 611 675 et
634 633 786 674 Rhoeti
811 632 862 673 de
886 639 1008 688 gente
1034 638 1197 674 vetusta

79 694 400 745 Anchemolum,
425 696 629 737 thalamos
654 709 802 736 ausum
825 694 1028 736 incestare
1052 709 1268 738 novercae.

78 771 152 798 vos
176 757 312 806 etiam,
336 758 504 813 gemini,
530 757 697 799 Rutulis
723 756 927 798 cecidistis
951 756 993 797 in
1018 758 1140 806 arvis,

77 818 255 869 Daucia,
281 819 436 862 Laride
461 819 773 874 Thymberque,
800 818 1006 860 simillima
1030 820 1179 873 proles,

76 880 298 923 indiscreta
323 882 407 923 suis
433 888 658 937 gratusque
682 881 924 936 parentibus
949 895 1079 930 error3

77 949 119 983 at
142 958 253 984 nunc
278 944 382 985 dura
406 944 520 985 dedit
543 944 661 985 vobis
687 943 926 985 discrimina
950 943 1111 985 Pallas:

74 1019 171 1046 nam
196 1006 284 1054 tibi,
309 1006 537 1061 Thymbre,
563 1012 688 1060 caput
711 1005 950 1046 Euandrius
977 1005 1146 1047 abstulit
1171 1006 1294 1055 ensis,

74 1072 116 1108 te
142 1067 280 1108 decisa
303 1083 438 1117 suum,
462 1068 631 1117 Laride,
658 1068 826 1109 dextera
850 1067 1013 1120 quaerit

75 1129 418 1183 semianimesque
443 1130 597 1171 micant
621 1129 739 1184 digiti
763 1129 1003 1182 ferrumque
1028 1136 1264 1172 retractant.

76 1191 265 1232 Arcadas
289 1207 485 1234 accensos
509 1192 667 1233 monitu
691 1198 732 1233 et
755 1192 968 1247 praeclara
993 1192 1146 1233 tuentis

73 1253 184 1295 facta
207 1254 284 1294 viri
308 1255 462 1295 mixtus
487 1255 603 1295 dolor
627 1262 667 1295 et
690 1254 826 1309 pudor
851 1261 983 1295 armat
1005 1254 1047 1295 in
1072 1254 1215 1296 hostis.

75 1321 164 1356 tum
186 1316 328 1357 Pallas
353 1316 504 1371 biiugis
529 1316 759 1371 fugientem
784 1315 973 1357 Rhoetea
996 1324 1160 1371 praeter

74 1378 220 1419 traicit.
268 1378 347 1420 hoc
372 1379 550 1434 spatium
575 1386 819 1432 tantumque
845 1393 985 1419 morae
1010 1378 1088 1419 fuit
1111 1379 1187 1420 Ilo.

73 1440 137 1481 Ilo
160 1454 341 1494 namque
365 1442 508 1496 procul
533 1441 713 1482 validam
739 1441 944 1482 direxerat
968 1441 1148 1482 hastam:

74 1517 199 1557 quam
223 1503 383 1544 medius
408 1504 621 1545 Rhoeteus
645 1503 865 1558 intercipit,
891 1503 1045 1558 optime
1070 1503 1270 1553 Teuthra,

73 1571 113 1606 te
137 1565 303 1620 fugiens
328 1566 579 1620 fratremque
604 1566 763 1620 Tyren3
790 1579 997 1618 curruque
1022 1566 1188 1607 volutus

74 1628 208 1669 caedit
232 1628 483 1669 semianimis
509 1629 761 1670 Rutulorum
787 1628 969 1669 calcibus
995 1643 1106 1670 arva.

73 1705 121 1731 ac
146 1690 259 1731 velut
284 1697 423 1745 optato
449 1691 581 1732 ventis
606 1696 761 1732 aestate
787 1690 936 1730 coortis

74 1752 258 1807 dispersa
281 1753 451 1793 inmittit
475 1753 587 1793 silvis
611 1752 802 1793 incendia
826 1758 985 1806 past0r3

73 1815 270 1869 correptis
295 1815 432 1855 subito
457 1815 602 1856 mediis
629 1814 865 1856 extenditur
888 1830 972 1855 una

72 1876 237 1917 horrida
260 1891 333 1931 per
356 1877 460 1918 latos
485 1877 594 1918 acies
620 1877 827 1919 Vulcania
851 1891 1019 1931 campos
1028 1892 1038 1925 ;

71 1939 140 1980 ille
165 1939 311 1980 sedens
336 1939 467 1980 victor
490 1940 678 1980 flammas
705 1939 918 1994 despectat
942 1938 1123 1981 ovantis:

71 2015 156 2043 non
180 2001 297 2043 aliter
321 2002 479 2042 socium
504 2002 633 2042 virtus
659 2001 740 2042 coit
764 2001 897 2042 omnis
921 2001 964 2041 in
988 2015 1118 2042 unum

72 2070 196 2117 teque
220 2063 348 2112 iuvat,
373 2063 504 2104 Palla.
551 2064 625 2105 sed
648 2063 766 2104 bellis
792 2077 886 2104 acer
910 2063 1118 2104 Halaesus

72 2126 203 2167 tendit
225 2125 268 2166 in
292 2125 487 2166 adversos
513 2140 639 2179 seque
664 2126 707 2166 in
732 2141 806 2166 sua
831 2124 988 2180 colligit
1012 2140 1138 2166 arma.

72 2187 139 2229 hic
163 2194 316 2229 mactat
339 2187 517 2228 Ladona
539 2187 804 2241 Pheretaque
829 2186 1218 2241 Demodocumque,

75 2249 314 2304 Strymonio
340 2250 527 2291 dextram
551 2249 730 2304 fulgenti
755 2249 905 2304 deripit
929 2264 1027 2291 ense

73 2313 222 2353 elatam
245 2311 287 2352 in
311 2311 514 2367 iugulum,
540 2326 640 2352 saxo
665 2311 760 2352 ferit
784 2326 856 2352 ora
879 2311 1082 2352 Thoantis

72 2388 249 2427 ossaque
274 2374 463 2429 dispersit
487 2375 655 2416 cerebro
679 2374 884 2428 permixta
908 2381 1090 2416 cruento.

73 2436 158 2477 fata
183 2451 332 2478 cavens
358 2437 469 2478 silvis
494 2437 656 2492 genitor
681 2437 835 2478 celarat
860 2437 1107 2478 Halaesum:

72 2505 119 2539 ut
143 2498 278 2539 senior
300 2497 382 2539 leto
407 2499 596 2540 canentia
620 2499 778 2540 lumina
802 2498 937 2548 solvit,

72 2560 248 2602 iniecere
272 2576 441 2602 manum
464 2577 614 2617 parcae
638 2561 813 2615 telisque
837 2568 1052 2602 sacrarunt

73 2622 272 2664 Euandri.
321 2638 445 2678 quem
470 2624 529 2666 sic
552 2624 693 2666 Pallas
719 2624 823 2680 petit
847 2630 942 2666 ante
966 2630 1178 2681 precatus:

1448 518 1511 550 385

1446 830 1511 862 390

1446 1141 1509 1172 395

1442 1452 1507 1484 400

1440 1764 1504 1794 405

1439 2075 1505 2106 410

1439 2385 1503 2417 415
