1622 2847
571 132 775 170 ECLOGA
790 133 896 170 VIII.

514 317 806 368 ECLOGA
833 293 962 368 vm.

339 439 576 478 DAMON.
637 439 1138 480 ALPHESIBOEUS.

120 551 344 593 Pastorum
368 566 532 592 musam
556 550 763 593 Damonis
789 558 830 592 et
855 550 1145 606 Alphesiboei,

64 614 266 655 inmemor
288 613 512 654 herbarum
537 627 642 667 quos
669 620 730 654 est
756 613 904 654 mirata
927 613 1105 655 iuvenca

66 675 271 725 certantis,
302 690 480 729 quorum
505 675 764 730 stupefactae
790 675 972 717 carmine
997 677 1154 730 lynces,

65 745 107 780 et
129 745 288 779 mutata
312 753 409 779 suos
433 738 675 792 requierunt
699 739 873 779 fiumina
898 753 1058 788 cursus,

64 800 268 842 Damonis
293 816 454 842 musam
480 801 664 842 dicemus
691 808 730 842 et
754 801 1042 856 Alphesiboei.

119 863 188 904 Tu
212 863 326 912 mihi,
352 879 425 904 seu
450 864 591 919 magni
618 878 789 918 superas
814 864 898 904 iam
923 879 1024 905 saxa
1049 863 1228 912 Timavi,

65 925 152 967 sive
176 940 292 967 oram
316 926 472 981 Illyrici
497 926 602 981 legis
630 926 834 980 aequoris,
861 950 915 955 -—
941 941 992 967 en
1019 926 1094 967 erit
1118 940 1319 980 umquam

63 988 132 1030 ille
158 989 258 1038 dies,
284 989 386 1029 mihi
412 1003 507 1030 cum
530 989 652 1029 liceat
677 996 750 1029 tua
775 989 911 1030 dicere
936 988 1073 1030 facta?

65 1066 117 1093 en
142 1051 230 1100 erit,
256 1058 301 1091 ut
325 1051 447 1092 liceat
471 1058 603 1091 totum
628 1051 728 1091 mihi
755 1051 863 1092 ferre
888 1066 963 1106 per
988 1051 1131 1092 orbem

65 1114 153 1155 sola
178 1112 412 1168 Sophocleo
437 1120 509 1154 tua
535 1113 718 1154 carmina
742 1113 870 1168 digna
895 1113 1122 1154 cothurno?

65 1191 90 1217 a
113 1183 154 1217 te
177 1175 439 1230 principium,
465 1175 540 1216 tibi
565 1175 738 1218 desinet.
789 1176 930 1230 accipe
955 1175 1078 1216 iussis

65 1238 248 1279 carmina
272 1246 419 1293 coepta
444 1238 524 1278 tuis
551 1246 675 1292 atque
700 1238 808 1279 hanc
835 1238 925 1280 sine
951 1245 1139 1292 tempora
1164 1238 1318 1279 circum

63 1300 170 1342 inter
194 1301 383 1342 victrices
409 1300 605 1342 hederam
631 1300 706 1342 tibi
731 1315 896 1355 serpere
922 1300 1077 1341 laurus.

119 1364 293 1419 Frigida
316 1364 385 1405 vix
411 1364 524 1405 caelo
549 1364 682 1405 noctis
708 1363 943 1405 decesserat
967 1363 1129 1412 umbra,

65 1441 160 1468 cum
184 1441 251 1468 ros
276 1427 319 1467 in
345 1434 487 1468 tenera
511 1426 651 1481 pecori
675 1426 936 1481 gratissimus
961 1426 1105 1475 herba,

63 1489 310 1530 incumbens
336 1489 456 1530 tereti
479 1489 649 1530 Damon
674 1489 732 1530 sic
758 1489 894 1543 coepit
918 1488 1065 1530 olivae.

1360 124 1413 168 19

121 1553 334 1602 ‘Nascere,
365 1566 548 1607 praeque
574 1552 684 1593 diem
709 1552 879 1593 veniens
905 1567 996 1607 age,
1023 1551 1209 1600 Lucifer,
1242 1552 1411 1602 almum,

65 1615 252 1670 coniugis
276 1615 448 1670 indigno
473 1614 601 1656 Nisae
627 1615 826 1669 deceptus
853 1629 993 1655 amore

65 1678 164 1719 dum
189 1692 340 1732 queror
365 1686 403 1719 et
430 1677 562 1727 divos,
589 1692 845 1730 quamquam
870 1677 928 1717 nil
954 1677 1129 1718 testibus
1153 1677 1234 1718 illis

63 1740 233 1796 profeci,
260 1748 445 1781 extrema
468 1740 648 1781 moriens
674 1748 814 1780 tamen
839 1740 1041 1793 adloquor
1066 1739 1180 1780 hora.

147 1804 282 1858 incipe
306 1803 541 1845 Maenalios
566 1818 744 1852 mecum,
770 1818 864 1844 mea
888 1803 1004 1852 tibia,
1031 1818 1188 1844 versus.

64 1866 285 1907 Maenalus
311 1873 589 1920 argutumque
614 1881 760 1906 nemus
785 1866 990 1920 pinosque
1013 1866 1221 1919 loquentis

65 1944 227 1984 semper
250 1928 388 1978 habet,
414 1944 577 1983 semper
600 1936 814 1983 pastorum
838 1929 906 1969 ille
931 1929 1047 1969 audit
1071 1943 1232 1970 amores

64 1992 280 2045 Panaque,
305 1991 375 2044 qui
401 1992 558 2046 primus
584 1992 766 2032 calamos
790 2006 875 2032 non
899 2007 1048 2046 passus
1072 1992 1230 2033 inertis.

147 2054 283 2108 incipe
307 2053 542 2095 Maenalios
567 2069 745 2103 mecum,
771 2069 863 2095 mea
887 2054 1001 2104 tibia,
1028 2068 1185 2095 versus

65 2117 218 2171 Mopso
243 2116 347 2157 Nisa
371 2116 510 2157 datur:
537 2116 637 2170 quid
662 2131 745 2157 non
771 2131 984 2170 speremus
1009 2117 1220 2158 amantes?

65 2179 290 2235 iungentur
312 2179 395 2219 iam
419 2194 573 2233 grypes
600 2179 715 2232 equis
741 2193 926 2232 aevoque
952 2179 1141 2232 sequenti

67 2256 161 2283 cum
186 2241 357 2283 canibus
383 2242 516 2282 timidi
542 2241 708 2282 venient
733 2242 785 2282 ad
810 2242 961 2296 pocula
986 2241 1191 2284 dammae.

65 2305 232 2359 Mopse,
257 2318 385 2345 novas
409 2304 545 2345 incide
570 2304 702 2345 faces:
730 2304 805 2344 tibi
830 2305 994 2345 ducitur
1018 2319 1140 2354 uxor3

67 2382 230 2422 sparge,
255 2367 413 2416 marite,
437 2382 584 2409 nuces:
611 2367 685 2407 tibi
710 2367 863 2408 (leserit
888 2369 1104 2422 Hesperus
1131 2366 1296 2410 Oetam.

150 2429 286 2484 incipe
310 2429 543 2470 Maenalios
568 2444 746 2479 mecum,
772 2445 866 2471 mea
889 2429 1003 2478 tibia,
1029 2445 1186 2472 versus.

68 2506 91 2532 o
117 2491 242 2545 digno
268 2491 487 2533 coniuncta
511 2492 612 2541 viro,
640 2492 739 2532 dum
764 2492 940 2546 despicis
966 2507 1108 2534 omnes

69 2554 252 2607 dumque
277 2553 350 2594 tibi
375 2562 436 2595 est
461 2555 555 2595 odio
580 2570 674 2595 mea
698 2554 836 2595 fistula
861 2555 1042 2607 dumque
1068 2555 1250 2609 capellae

69 2616 356 2670 hirsutumque
381 2617 647 2671 supercilium
673 2617 960 2672 promissaque
986 2618 1117 2658 barba

1136 2683 1187 2707 Off

1137 2708 1155 2717 ..a

1442 1124 1483 1154 10

1442 1436 1481 1466 15

1437 2373 1479 2404 30
