1622 2847
140 1430 181 1460 10

142 2054 183 2084 20

206 126 259 169 72
621 135 664 170 P.
682 134 891 171 VERGILI
917 135 1139 171 MARONIS

609 508 1137 562 GEORGICON

729 715 918 752 LIBER
953 715 1021 754 IV.

260 857 459 899 Protinus
485 857 584 899 aerii
609 858 740 899 mellis
766 858 959 899 caelestia
984 858 1092 898 dona

205 936 399 974 exequar.
449 921 556 961 hanc
582 921 718 969 etiam,
743 921 980 970 Maecenas,
1007 921 1144 975 aspice
1170 926 1341 974 partem.

205 983 451 1024 admiranda
476 983 550 1024 tibi
574 983 729 1024 levium
754 984 991 1038 spectacula
1015 998 1152 1024 rerum

204 1045 578 1100 magnanimosque
604 1045 730 1086 duces
756 1045 964 1099 totiusque
990 1045 1133 1085 ordine
1159 1044 1292 1099 gentis

205 1123 340 1149 mores
366 1115 406 1149 et
430 1107 568 1148 studia
593 1115 633 1149 et
657 1108 831 1162 populos
857 1115 898 1149 et
922 1108 1077 1162 proelia
1102 1107 1249 1147 dicam.

205 1170 247 1211 in
272 1169 387 1211 tenui
412 1169 547 1218 labor3
574 1176 615 1211 at
639 1169 773 1210 tenuis
798 1184 881 1210 non
906 1169 1051 1224 gloria,
1077 1169 1237 1223 siquem

205 1232 377 1273 numina
401 1232 521 1272 laeva
545 1232 686 1272 sinunt
710 1232 910 1285 auditque
935 1239 1106 1272 vocatus
1132 1231 1299 1285 Apollo.

263 1294 478 1348 Principio
504 1293 622 1335 sedes
648 1293 796 1348 apibus
822 1294 1026 1347 statioque
1050 1293 1242 1348 petenda,

206 1370 288 1410 quo
314 1370 452 1409 neque
477 1356 527 1396 sit
551 1356 684 1396 ventis
710 1355 845 1397 aditus
871 1356 985 1407 (nam
1008 1355 1163 1411 pabula
1187 1355 1300 1397 venti

206 1419 313 1460 ferre
339 1418 509 1458 domum
534 1418 772 1472 probibent)
797 1432 933 1472 neque
958 1433 1056 1459 oves
1082 1417 1286 1471 haedique
1313 1416 1469 1472 petulci

206 1480 376 1521 fioribus
401 1479 599 1521 insultent
624 1487 696 1521 aut
721 1495 861 1521 errans
886 1481 1039 1522 bucula
1063 1495 1210 1535 campo

207 1542 390 1584 decutiat
414 1557 550 1583 rorem
575 1550 615 1584 et
639 1543 847 1597 surgentis
871 1550 1020 1584 atterat
1045 1542 1208 1584 herbas.

207 1605 344 1647 absint
370 1612 410 1646 et
435 1605 533 1660 picti
558 1605 792 1659 squalentia
817 1613 934 1659 terga
958 1605 1096 1646 lacerti

206 1667 432 1723 pinguibus
458 1683 482 1708 a
507 1667 681 1708 stabulis
707 1682 979 1722 meropesque
1005 1668 1193 1720 aliaeque
1219 1667 1405 1708 volucres

208 1738 248 1772 et
272 1729 463 1770 manibus
488 1730 651 1771 Procne
676 1738 820 1784 pectus
846 1730 1009 1785 signata
1034 1729 1231 1772 cruentis:

209 1792 348 1834 omnia
372 1808 468 1833 nam
492 1793 573 1833 late
600 1800 764 1834 vastant
788 1792 982 1847 ipsasque
1008 1792 1183 1834 volantis

207 1870 277 1897 ore
301 1855 442 1896 ferunt
467 1855 630 1896 dulcem
655 1855 762 1896 nidis
787 1855 1001 1896 inmitibus
1027 1870 1176 1896 escam.

208 1925 250 1959 at
273 1917 419 1971 liquidi
444 1917 579 1958 fontes
605 1924 644 1958 et
670 1925 818 1972 stagna
842 1918 1016 1959 virentia
1041 1932 1184 1958 musco

209 1979 344 2021 adsint
370 1988 409 2021 et
433 1979 568 2021 tenuis
593 1979 758 2034 fugiens
783 1995 857 2035 per
880 1980 1069 2035 gramina
1092 1980 1217 2028 rivus,

207 2041 428 2096 palmaque
454 2042 706 2083 vestibulum
731 2049 803 2082 aut
826 2042 973 2097 ingens
999 2043 1174 2083 oleaster
1198 2040 1419 2090 inumbret,

210 2110 269 2153 ut,
297 2118 391 2144 cum
416 2103 550 2158 prima
574 2103 671 2144 novi
696 2104 849 2145 ducent
874 2103 1065 2145 examina
1088 2118 1207 2158 reges

209 2181 305 2207 vere
331 2180 404 2206 suo
430 2165 627 2219 ludetque
652 2166 757 2207 favis
783 2165 933 2207 emissa
957 2166 1164 2216 iuventus,

211 2228 347 2269 vicina
372 2228 516 2270 invitet
541 2228 741 2270 decedere
766 2228 855 2283 ripa
880 2228 1006 2270 calori

211 2291 417 2344 obviaque
442 2291 630 2345 hospitiis
656 2298 795 2332 teneat
819 2291 1108 2332 frondentibus
1134 2290 1267 2331 arbos.

168 2363 181 2379 Γ
210 2352 252 2393 111
277 2353 473 2402 medium,
500 2367 573 2394 seu
598 2352 723 2394 stabit
746 2352 855 2395 iners
881 2368 954 2395 seu
978 2354 1152 2408 profluet
1176 2367 1309 2401 umor,

211 2422 467 2456 transversas
493 2415 639 2456 salices
665 2423 705 2456 et
728 2414 904 2470 grandia
928 2415 1070 2457 conice
1094 2430 1207 2463 saxa,

212 2476 408 2531 pontibus
432 2484 478 2517 ut
503 2477 657 2518 crebris
683 2477 841 2531 possint
866 2476 1089 2518 consistere
1116 2485 1153 2517 et
1179 2477 1265 2516 alas

213 2538 397 2592 pandere
423 2538 476 2578 ad
501 2538 705 2579 aestivum
732 2539 874 2587 solem,
901 2539 934 2579 si
959 2539 1064 2579 forte
1090 2537 1286 2578 morantis

213 2600 408 2657 sparserit
432 2608 502 2642 aut
528 2615 727 2656 praeceps
752 2601 949 2656 Neptuno
974 2600 1205 2642 inmerserit
1230 2613 1364 2641 0111113.
