1660 2847
556 144 809 180 AENEIDOS
834 144 929 178 LIB.
955 144 1020 179 VI.
1378 135 1458 177 191

116 263 241 290 caeca
263 264 412 304 regens
436 248 505 288 filo
530 247 718 303 vestigia.
768 255 813 288 tu
838 262 1003 301 quoque
1027 262 1224 302 magnam

114 319 275 365 partem
298 325 420 365 opere
444 309 486 350 in
512 316 640 358 tanto,
667 311 817 351 sineret
841 310 969 358 dolor,
995 310 1126 358 Icare,
1152 310 1345 351 haberes:

115 373 179 413 bis
204 380 376 414 conatus
401 379 490 413 erat
514 386 635 412 casus
662 372 861 427 effingere
886 371 929 412 in
954 386 1068 421 auro,

114 434 178 475 bis
203 434 359 489 patriae
385 434 570 475 cecidere
594 449 755 475 manus.
804 433 904 487 quin
928 433 1115 488 protinus
1141 433 1281 475 omnia

113 497 372 551 perlegerent
396 496 538 544 oculis,
563 495 606 536 ni
630 496 712 536 iam
738 496 991 551 praemissus
1016 495 1201 536 Achates

114 559 274 599 adforet
297 565 421 611 atque
446 573 529 598 una
552 557 715 599 Phoebi
740 558 990 611 Triviaeque
1017 558 1223 606 sacerdos,

113 619 334 675 Deiphobe
361 619 526 669 Glauci,
553 620 664 660 fatur
687 634 794 673 quae
819 620 918 660 talia
941 619 1049 674 regi:

114 686 215 722 ‘non
240 682 318 723 hoc
341 683 420 723 ista
445 682 524 722 sibi
549 689 710 736 tempus
738 681 975 736 spectacula
1000 681 1150 736 poscit:

111 758 222 785 nunc
245 759 374 799 grege
399 744 450 786 de
475 745 627 785 intacto
653 751 812 799 septem
837 752 1020 785 mactare
1044 744 1241 785 iuvencos

111 807 372 860 praestiterit,
399 807 571 847 totidem
595 807 723 847 lectas
749 807 800 847 de
826 821 940 847 more
965 806 1171 847 bidentis?

111 868 262 909 talibus
289 869 430 909 adfata
454 869 630 909 Aenean
655 869 748 920 (nec
773 883 891 909 sacra
915 875 1129 909 morantur

109 929 223 971 iussa
248 931 341 983 viri)
367 931 552 972 Teucros
576 938 699 972 vocat
723 931 806 972 alta
830 931 873 971 in
897 931 1053 985 templa
1077 931 1283 972 sacerdos.

167 992 368 1034 Excisum
394 993 608 1034 Euboicae
634 994 741 1034 latus
765 993 913 1048 ingens
938 993 1053 1047 rupis
1078 993 1120 1033 in
1145 1000 1324 1043 antrum,

110 1069 192 1108 quo
217 1056 290 1096 lati
314 1055 472 1097 ducunt
497 1056 632 1096 aditus
657 1063 836 1105 centum,
863 1055 968 1096 ostia
993 1063 1173 1104 centum,

110 1118 220 1158 unde
245 1125 372 1159 ruunt
395 1118 568 1159 totidem
592 1132 729 1167 voces,
754 1132 955 1172 responsa
981 1116 1181 1172 Sibyllae.

110 1186 282 1220 ventum
307 1188 395 1221 erat
418 1180 470 1221 ad
494 1181 634 1229 limen,
661 1194 755 1221 cum
780 1180 898 1235 virgo
925 1184 1116 1235 ‘poscere
1141 1180 1228 1221 fata

110 1243 293 1297 tempus'
320 1243 394 1283 ait:
421 1243 556 1292 ‘deus,
583 1257 692 1292 ecce,
720 1242 859 1284 deusl’
888 1242 954 1283 cui
979 1242 1078 1283 talia
1102 1242 1207 1283 fanti

110 1313 206 1346 ante
230 1305 338 1346 fores
364 1305 501 1346 subito
526 1320 610 1346 non
633 1305 786 1353 vultus,
811 1319 896 1346 non
920 1305 1031 1346 color
1055 1320 1176 1353 unus,

109 1382 193 1409 non
219 1375 409 1422 comptae
435 1383 624 1410 mansere
651 1382 807 1416 comae,
834 1367 907 1409 sed
932 1374 1076 1422 pectus
1104 1368 1312 1417 anhelum,

111 1437 152 1471 et
174 1430 289 1471 rabie
314 1430 403 1471 fera
428 1430 553 1471 corda
578 1437 751 1479 tument,
777 1429 991 1483 maiorque
1016 1430 1147 1470 videri

109 1507 186 1534 nec
210 1493 383 1533 mortale
409 1508 574 1541 sonans,
602 1493 754 1533 adflata
779 1500 840 1534 est
864 1492 1034 1533 numine
1059 1492 1226 1545 quando

109 1555 192 1595 iam
216 1554 408 1609 propiore
434 1555 512 1596 dei.
563 1559 720 1596 ‘cessas
744 1555 787 1595 in
812 1562 909 1595 vota
933 1569 1175 1609 precesque,

109 1616 233 1657 Tros’
260 1616 318 1657 ait
342 1618 532 1658 ‘Aenea?
558 1618 719 1658 cessas?
744 1631 880 1670 neque
906 1617 1016 1658 enim
1042 1624 1137 1658 ante
1164 1616 1378 1658 dehiscent

109 1679 309 1720 attonitae
333 1694 487 1734 magna.
512 1694 584 1719 ora
610 1679 784 1720 domus.'
834 1686 872 1720 et
898 1679 998 1720 talia
1022 1679 1109 1719 fata

110 1742 319 1783 conticuit.
367 1742 531 1797 gelidus
557 1742 732 1783 Teucris
759 1757 832 1796 per
857 1743 961 1783 dura
986 1742 1167 1783 cucurrit

109 1819 203 1845 ossa
227 1811 391 1854 tremor,
417 1805 637 1857 funditque
662 1819 805 1859 preces
831 1820 904 1845 rex
928 1812 1094 1859 pectore
1120 1805 1173 1845 ab
1198 1804 1299 1845 imo:

109 1866 314 1916 ‘Phoebe,
340 1867 479 1922 gravis
504 1867 654 1908 Troiae
681 1882 843 1921 semper
867 1867 1058 1907 miserate
1083 1867 1259 1913 labores,

107 1928 310 1970 Dardana
335 1930 406 1982 qui
430 1929 593 1970 Paridis
619 1929 767 1970 direxti
793 1930 875 1970 tela
899 1943 1131 1982 manusque

111 2005 258 2046 corpus
283 1991 326 2031 in
351 1991 576 2040 Aeacidae,
602 2007 776 2045 magnas
802 1991 998 2032 obeuntia
1023 1999 1153 2032 terras

110 2060 170 2094 tot
192 2053 323 2094 maria
345 2053 493 2094 intravi
519 2054 623 2094 duce
649 2062 688 2095 te
714 2054 962 2108 penitusque
987 2061 1172 2108 repostas

109 2115 345 2169 Massylum
370 2123 515 2170 gentes
541 2122 838 2170 praetentaque
865 2114 1061 2169 Syrtibus
1087 2131 1185 2156 arva
1195 2132 1205 2164 3

108 2177 191 2217 iam
216 2178 383 2218 tandem
408 2178 554 2218 Italiae
578 2177 776 2232 fugientis
801 2178 1041 2231 prendimus
1067 2192 1172 2218 oras.

109 2238 188 2280 hac
212 2238 394 2280 Troiana
417 2247 537 2280 tenus
563 2239 689 2280 fuerit
713 2240 878 2280 fortuna
903 2246 1056 2280 secuta.

109 2315 184 2342 vos
209 2315 374 2354 quoque
397 2301 656 2356 Pergameae
681 2302 764 2342 iam
789 2302 851 2342 fas
877 2309 939 2342 est
963 2317 1132 2356 parcere
1157 2302 1284 2357 genti,

110 2363 235 2417 dique
261 2363 445 2416 deaeque
470 2379 626 2413 omnes,
653 2363 804 2417 quibus
829 2364 986 2404 obstitit
1010 2364 1134 2404 Ilium
1160 2372 1201 2405 et
1224 2365 1371 2419 ingens

109 2425 242 2480 gloria
265 2425 516 2468 Dardaniae.
565 2434 708 2479 tuque,
735 2441 758 2466 ο
784 2426 1044 2467 sanctissima
1068 2434 1195 2476 vates,

109 2487 296 2542 praescia
320 2488 496 2537 venturi,
522 2489 575 2529 da
600 2490 700 2540 (non
725 2488 909 2529 indebita
934 2503 1058 2543 posco

109 2564 239 2604 regna
264 2549 366 2590 meis
391 2550 502 2602 fatis)
527 2551 651 2591 Latio
677 2550 890 2591 considere
915 2551 1101 2592 Teucros

109 2611 367 2666 errantisque
393 2612 491 2654 deos
517 2613 755 2668 agitataque
779 2613 950 2654 numina
974 2613 1138 2655 Troiae.

1486 259 1527 289 30

1487 570 1527 600 35

1485 881 1528 911 40

1484 1194 1526 1223 45

1485 1505 1526 1535 50

1485 1817 1525 1846 55

1484 2130 1525 2159 60

1481 2439 1521 2470 65
