1622 2847
486 152 777 191 GEORGICON
800 153 896 190 LIB.
921 152 988 190 IV.

64 266 207 303 tantus
232 275 347 303 amor
371 261 520 303 florum
544 266 585 302 et
608 258 836 314 generandi
861 258 994 314 gloria
1018 257 1164 301 mellis.

64 323 257 365 omnibus
282 338 365 364 una
390 323 507 376 quies
532 335 718 376 operum,
743 322 862 362 labor
886 320 1078 374 omnibus
1103 335 1232 361 unus:

64 400 187 427 mane
210 393 335 426 ruunt
359 385 487 440 portis
496 400 506 434 3
532 398 740 437 nusquam
763 398 898 432 mora3
923 398 1066 424 rursus
1092 382 1260 425 easdem

63 447 227 502 Vesper
250 448 323 488 ubi
348 462 370 489 e
395 454 517 502 pastu
542 447 711 488 tandem
736 446 936 487 decedere
962 445 1120 500 campis

64 510 291 559 admonuit,
317 517 406 551 tum
430 517 539 551 tecta
562 516 722 564 petunt,
747 516 837 550 tum
862 522 1034 564 corpora
1061 514 1206 550 curant
1215 524 1226 558 3

63 572 110 612 fit
134 572 292 613 sonitus
317 579 588 625 mussantque
614 586 706 612 oras
733 579 772 613 et
795 570 939 612 limina
963 571 1130 612 circum.

0 636 1 684 ἶ
63 641 158 689 post
180 634 253 674 ubi
277 634 359 675 iam
383 634 574 675 thalamis
601 648 644 675 se
670 647 953 688 composuere,
980 633 1123 674 siletur

62 696 107 737 in
130 703 294 737 noctem
318 696 534 749 fessosque
560 710 683 750 sopor
707 710 806 736 suus
832 702 1009 750 occupat
1033 704 1159 736 artus.

0 752 2 757 ’
62 773 140 799 nec
164 773 262 799 vero
287 774 311 800 a
335 758 510 799 stabulis
534 758 677 813 pluvia
701 757 954 812 inpendente
978 757 1179 799 recedunt

62 820 228 875 longius
254 827 325 861 aut
350 820 523 861 credunt
549 820 663 862 caelo
689 819 1010 861 adventantibus
1036 819 1159 868 euris,

63 883 136 924 sed
160 883 315 924 circum
340 890 454 924 tutae
479 883 556 924 sub
582 882 801 924 moenibus
826 882 940 923 urbis
966 889 1174 935 aquantur

64 959 346 999 excursusque
370 945 508 986 brevis
534 952 740 999 temptant
764 952 804 986 et
829 960 953 999 saepe
978 944 1155 999 lapillos,

62 1014 110 1047 ut
134 1007 310 1048 cumbae
334 1007 548 1048 instabiles
573 1007 703 1048 fluctu
726 1007 905 1048 iactante
930 1007 1160 1056 saburram,

62 1069 225 1118 tollunt,
249 1069 312 1110 his
338 1084 428 1110 sese
454 1084 528 1124 per
551 1069 691 1110 inania
715 1069 860 1111 nubila
882 1069 1047 1110 librant.

61 1131 180 1172 illum
206 1131 309 1173 adeo
334 1131 540 1186 placuisse
568 1131 715 1186 apibus
742 1131 945 1173 mirabere
972 1146 1143 1180 morem,

62 1193 175 1247 quod
197 1207 333 1247 neque
358 1193 582 1235 concubitu
607 1193 825 1248 indulgent
848 1208 926 1235 nec
952 1208 1126 1249 corpora
1151 1209 1299 1249 segnes

61 1256 104 1297 in
127 1256 339 1298 Venerem
364 1257 531 1297 solvunt
556 1264 628 1297 aut
652 1257 762 1298 fetus
787 1256 954 1297 nixibus
980 1257 1121 1306 edunt,

61 1333 208 1360 verum
231 1319 347 1374 ipsae
372 1334 393 1360 e
418 1319 527 1360 foliis
552 1326 671 1360 natos
697 1326 737 1360 et
762 1319 961 1360 suavibus
986 1319 1125 1360 herbis

61 1395 132 1423 ore
156 1382 314 1437 legunt,
339 1381 455 1436 ipsae
480 1396 623 1436 regem
648 1395 883 1436 parvosque
909 1380 1096 1433 Quirites

62 1443 274 1485 sufficiunt
299 1443 499 1496 aulasque
524 1453 564 1485 et
589 1458 708 1485 cerea
732 1459 861 1499 regna
886 1444 1106 1498 refingunt.

61 1520 160 1561 ergo
184 1506 296 1560 ipsas
320 1506 510 1559 quamvis
537 1505 703 1560 angusti
728 1506 928 1547 terminus
954 1506 1045 1547 aevi

61 1568 241 1623 excipiat
265 1568 417 1622 (neque
442 1568 552 1609 enim
576 1568 669 1623 plus
695 1568 870 1623 septima
895 1568 1061 1609 ducitur
1085 1570 1250 1619 aestas),

61 1638 103 1672 at
125 1645 258 1686 genus
282 1630 501 1672 inmortale
526 1637 666 1672 manet
690 1631 925 1683 multosque
950 1646 1024 1686 per
1049 1645 1178 1671 annos

61 1700 142 1735 stat
164 1693 332 1735 fortuna
357 1693 504 1734 domus
530 1700 570 1734 et
595 1693 662 1734 avi
686 1700 956 1734 numerantur
980 1708 1165 1734 avorum.

59 1763 274 1811 praeterea
296 1771 440 1811 regem
465 1770 548 1797 non
573 1755 631 1796 sic
655 1757 878 1811 Aegyptos
904 1764 943 1797 et
968 1756 1116 1811 ingens

60 1818 199 1873 Lydia
222 1833 299 1860 nec
322 1818 467 1874 populi
490 1817 744 1860 Parthorum
769 1826 840 1860 aut
864 1818 1020 1860 Medus
1046 1818 1267 1873 Hydaspes

60 1881 293 1922 observant.
341 1896 440 1936 rege
464 1881 661 1922 incolumi
685 1896 801 1922 mens
827 1881 1019 1922 omnibus
1043 1896 1128 1922 una
1152 1889 1231 1931 est3

60 1943 210 1985 amisso
234 1958 384 1998 rupere
408 1943 534 1984 fidem
558 1950 878 1997 constructaque
901 1944 1026 1985 mella

59 2005 265 2061 diripuere
289 2006 405 2061 ipsae
430 2013 469 2047 et
494 2012 626 2047 crates
651 2006 811 2047 solvere
836 2006 1039 2047 favorum.

57 2068 126 2109 ille
150 2082 321 2123 operum
345 2075 497 2117 custos,
522 2068 639 2109 illum
664 2068 921 2109 admirantur
945 2076 985 2109 et
1009 2082 1154 2109 onmes

59 2130 324 2172 circumstant
349 2130 516 2171 fremitu
547 2130 674 2171 denso
700 2130 937 2184 stipantque
961 2130 1200 2184 frequentes

58 2200 100 2235 et
122 2208 244 2248 saepe
269 2193 461 2234 attollunt
486 2193 638 2234 umeris
663 2200 704 2234 et
728 2207 902 2248 corpora
926 2193 1036 2234 bello

57 2255 265 2296 obiectant
289 2255 588 2310 pulchramque
613 2262 760 2310 petunt
783 2270 857 2310 per
881 2255 1052 2297 volnera
1077 2262 1265 2297 mortem.

113 2317 194 2358 His
218 2318 386 2370 quidam
412 2317 539 2373 signis
565 2326 690 2371 atque
714 2317 818 2359 haec
843 2318 1034 2373 exempla
1059 2318 1188 2359 secuti

58 2395 147 2422 esse
172 2380 319 2434 apibus
343 2387 504 2435 partem
529 2380 694 2421 divinae
718 2381 868 2422 mentis
895 2388 935 2421 et
958 2380 1133 2422 haustus

58 2442 260 2484 aetherios
285 2442 443 2492 dixere3
470 2443 594 2484 deum
618 2457 798 2497 namque
822 2444 881 2485 ire
906 2458 980 2498 per
1004 2443 1157 2493 omnia,

57 2512 269 2559 terrasque
293 2512 531 2559 tractusque
555 2505 679 2547 maris
705 2506 949 2560 caelumque
973 2506 1246 2561 profundum3

56 2567 153 2609 hinc
176 2567 370 2623 pecudes,
396 2576 593 2618 armenta,
620 2568 742 2617 viros,
768 2584 902 2623 genus
927 2583 1047 2610 omne
1073 2569 1269 2618 ferarum,

57 2644 264 2686 quemque
288 2630 367 2671 sibi
391 2631 525 2672 tenuis
551 2639 790 2673 nascentem
815 2646 1023 2674 arcessere
1049 2632 1153 2673 vitas
1162 2648 1172 2680 3

1358 140 1410 186 ’Π

1436 262 1502 296 205

1439 388 1503 421 185

1441 700 1505 731 190

1441 1013 1503 1044 195

1439 1326 1503 1358 200

1434 1770 1499 1801 210

1432 2083 1494 2114 215

1427 2396 1491 2428 220
