1660 2847
526 147 780 185 AENEIDOS
803 148 900 183 ΜΒ.
916 148 982 185 vl.
1345 139 1425 183 211

84 253 194 310 regis
220 253 411 303 Romani,
437 253 613 308 primam
638 252 709 307 qui
733 252 896 307 legibus
921 251 1067 294 urbem
1453 263 1517 295 810

83 316 288 366 fundabit,
316 315 497 357 Curibus
522 314 660 370 parvis
686 321 727 356 et
750 329 933 369 paupere
961 321 1070 355 terra

84 378 234 419 missus
259 379 302 419 in
325 377 544 432 imperium
568 392 779 430 magnum.
828 376 894 417 cui
919 376 1067 417 deinde
1093 375 1250 417 subibit

84 441 169 481 otia
192 441 262 494 qui
285 447 449 495 rumpet
472 439 631 494 patriae
656 439 894 493 residesque
920 439 1103 480 movebit

84 502 232 543 Tullus
256 502 299 543 in
323 517 437 542 arma
461 501 569 542 viros
595 508 636 543 et
658 501 740 542 iam
765 501 937 542 desueta
961 501 1180 556 triumphis

85 564 263 619 agmina.
310 578 434 617 quem
458 563 575 604 iuxta
599 563 785 617 sequitur
808 563 1025 604 iactantior
1049 564 1209 612 Ancus,
1452 571 1516 603 815

83 641 195 667 nunc
220 640 384 679 quoque
409 625 491 666 iam
515 625 689 665 nimium
715 625 901 680 gaudens
926 625 1198 679 popularibus
1224 624 1346 665 auris.

83 687 146 728 vis
170 695 210 729 et
234 687 482 740 Tarquinios
507 702 626 742 reges
651 686 916 740 animamque
942 687 1163 740 superbam

84 749 226 790 ultoris
250 749 371 790 Bruti
395 749 613 802 fascesque
638 748 778 790 videre
802 749 1012 803 receptos?

85 811 266 851 consulis
291 810 511 865 imperium
535 810 603 850 hic
627 809 784 864 primus
809 824 1037 863 saevasque
1063 825 1228 852 secures

83 872 257 927 accipiet
280 880 481 926 natosque
506 879 623 926 pater
646 886 755 912 nova
780 872 890 913 bella
913 873 1117 913 moventis
1451 881 1516 913 820

83 934 136 974 ad
160 949 336 989 poenam
360 934 534 988 pulchra
557 948 631 989 pro
655 934 844 975 libertate
868 934 1047 983 vocabit,

82 996 239 1038 infelix.
287 1004 515 1050 utcumque
540 996 674 1038 ferent
699 1011 748 1037 ea
772 996 883 1037 facta
907 996 1100 1046 minores,

82 1059 219 1100 vincet
244 1074 358 1100 amor
382 1061 538 1114 patriae
562 1060 817 1112 laudumque
840 1060 1028 1101 inmensa
1053 1060 1217 1114 cupido.

82 1121 183 1175 quin
208 1121 362 1163 Decios
387 1121 634 1175 Drusosque
658 1122 803 1176 procul
828 1136 1083 1175 saevumque
1108 1122 1242 1163 securi

83 1184 220 1238 aspice
245 1184 505 1237 Torquatum
530 1190 570 1224 et
593 1183 841 1224 referentem
867 1183 987 1238 signa
1013 1183 1248 1227 Camillum.
1451 1193 1515 1224 825

81 1246 174 1287 illae
200 1253 350 1294 autem,
375 1246 544 1300 paribus
569 1260 672 1299 quas
696 1246 857 1300 fulgere
883 1246 1014 1287 cernis
1039 1246 1082 1286 in
1106 1247 1244 1295 armis,

83 1309 305 1349 concordes
330 1308 491 1349 animae
514 1323 626 1349 nunc
652 1315 692 1349 et
716 1308 816 1348 dum
840 1315 960 1349 nocte
985 1315 1243 1363 premuntur,

82 1369 164 1411 heu
189 1377 390 1423 quantum
412 1370 517 1411 inter
542 1385 585 1411 se
610 1370 777 1418 bellum,
803 1370 838 1410 si
861 1370 1018 1411 lumina
1043 1370 1152 1412 vitae

82 1432 305 1486 attigerint,
330 1440 505 1485 quantas
531 1432 639 1473 acies
664 1439 926 1487 stragemque
952 1432 1132 1482 ciebunt,

82 1494 305 1549 aggeribus
330 1509 447 1535 socer
471 1494 637 1549 Alpinis
663 1501 787 1548 atque
812 1509 904 1535 arce
929 1494 1129 1536 Monoeci
1451 1505 1515 1536 830

81 1556 350 1606 descendens,
375 1572 503 1611 gener
527 1557 710 1598 adversis
735 1557 959 1598 instructus
984 1556 1104 1598 Eois!

79 1634 145 1667 ne,
170 1619 302 1673 pueri,
326 1634 378 1660 ne
403 1625 518 1660 tanta
541 1619 688 1659 animis
713 1619 944 1660 adsuescite
970 1619 1079 1660 bella

80 1696 162 1722 neu
186 1681 344 1735 patriae
369 1681 528 1722 validas
551 1681 594 1721 in
618 1681 778 1722 viscera
801 1681 948 1722 vertite
972 1681 1078 1722 vires
1087 1697 1097 1729 3

80 1750 210 1796 tuque
234 1743 357 1797 prior,
383 1750 428 1783 tu
452 1757 588 1797 parce,
614 1758 746 1797 genus
772 1744 844 1796 qui
869 1743 987 1784 ducis
1014 1742 1219 1798 Olymp03

80 1805 219 1860 proice
243 1805 325 1846 tela
349 1820 489 1854 manu,
516 1806 684 1859 sanguis
709 1805 844 1846 meus!
1450 1814 1513 1846 835

80 1867 148 1909 ille
172 1867 425 1922 triumphata
450 1867 658 1922 Capitolia
683 1867 736 1908 ad
760 1868 843 1908 alta
868 1866 1070 1909 Corintho

82 1929 212 1971 victor
235 1937 332 1984 aget
356 1944 536 1978 currum,
561 1930 690 1970 caesis
715 1930 888 1984 insignis
913 1930 1102 1971 Achivis.

83 1999 199 2033 eruet
220 1992 288 2033 ille
314 1992 453 2046 Argos
478 1992 919 2046 Agamemnoniasque
942 1992 1148 2046 Mycenas

82 2055 300 2108 ipsumque
324 2053 553 2102 Aeaciden,
578 2068 710 2108 genus
737 2054 1020 2108 armipotentis
1045 2054 1215 2104 Achilli,

82 2117 193 2157 ultus
219 2130 316 2156 avos
341 2115 505 2164 Troiae,
531 2116 685 2170 templa
709 2123 750 2156 et
772 2122 972 2157 temerata
995 2116 1225 2157 Minervae.
1448 2127 1513 2158 840

82 2178 175 2232 quis
199 2185 252 2226 te,
276 2193 427 2233 magne
453 2176 574 2227 Cato,
599 2178 771 2219 tacitum
796 2185 868 2218 aut
892 2185 945 2227 te,
973 2177 1118 2227 Cosse,
1143 2178 1374 2232 relinquat?

83 2240 175 2294 quis
202 2239 381 2281 Gracchi
405 2255 538 2294 genus
563 2247 634 2280 aut
659 2240 858 2295 geminos,
884 2240 966 2280 duo
991 2240 1166 2282 fulmina
1192 2241 1300 2289 belli,

84 2301 316 2356 Scipiadas,
341 2302 502 2343 cladem
526 2301 704 2357 Libyae,
730 2316 941 2356 parvoque
966 2310 1176 2357 potentem

82 2363 322 2405 Fabricium
346 2364 411 2404 vel
435 2371 475 2404 te
501 2364 628 2412 sulco,
656 2363 846 2411 Serrane‚
873 2365 1102 2406 serentem?

83 2440 166 2480 quo
191 2425 346 2466 fessum
370 2426 524 2480 rapitis,
550 2426 696 2466 Fabii?
721 2433 766 2466 tu
789 2426 1004 2467 Maximus
1028 2427 1097 2468 ille
1123 2441 1179 2475 es,
1448 2437 1511 2468 845

83 2502 190 2529 unus
215 2487 286 2540 qui
310 2487 428 2528 nobis
454 2488 686 2529 cunctando
711 2488 891 2529 restituis
915 2503 1016 2530 rem.

84 2550 289 2591 excudent
313 2550 381 2590 alii
406 2550 603 2605 spirantia
627 2550 790 2591 mollius
815 2566 923 2599 aera,

84 2612 205 2654 credo
231 2612 436 2666 equidem,
461 2613 578 2654 vivos
603 2613 756 2654 ducent
780 2612 831 2654 de
855 2627 1058 2654 marmore
1084 2613 1236 2663 vultus,

1126 2678 1199 2713 14³⁶
