1654 2837
342 171 397 198 DE
415 170 512 199 VITA
529 167 853 200 CARMINIBUSQUE
872 168 1051 196 VERGILH
1069 166 1274 195 PROLUSIO.

89 242 244 289 demptis
260 245 430 288 quattuor
444 242 518 277 illis
533 242 698 278 versibus
715 242 793 277 ‘ille

88 298 157 333 ego
194 288 257 333 qui
292 288 488 333 quondam'
527 299 557 323 e.
591 299 624 333 q.
659 301 686 323 s.
718 299 792 323 cor-

86 333 275 368 rexisse63:
293 333 389 378 quod
401 334 439 366 in
452 332 634 368 Servianis
652 343 793 379 quoque

87 380 136 423 (p.
153 379 186 422 2,
205 379 248 412 16
265 381 301 412 et
315 379 349 421 3,
368 378 424 421 17)
439 378 637 422 invenitur,
662 379 794 413 omissa

85 426 208 458 tamen
229 422 309 459 Nisi
333 423 558 458 auctoritate.
596 435 689 469 quae
713 423 792 459 Ser-

84 469 164 503 vius
185 468 281 503 solus
305 469 350 503 de
366 468 470 504 Varii
488 472 524 502 et
540 469 688 504 Tuccae
710 480 792 504 0011-

86 513 177 548 siliis
192 513 331 548 rettulit
346 514 398 548 ita
415 518 625 559 comparata
640 518 737 556 sunt,
754 518 794 548 ut

86 569 219 604 operae
249 559 407 604 pretium
444 559 491 593 sit
522 570 608 594 vera
638 571 661 595 a
691 559 792 594 falsis

86 604 300 639 discernere.
333 604 465 638 falsum
488 604 584 638 enim
613 609 668 639 est
697 606 791 650 quod

83 649 122 683 in
138 650 295 684 secundo
316 649 409 684 libro
425 650 519 684 inter
535 661 657 684 versus
675 650 741 685 566
759 655 792 684 et

85 694 152 730 589
180 706 203 729 a
229 694 342 730 Vario
371 705 414 729 ea
442 695 563 729 deleta
597 706 675 730 esse
704 696 794 729 dixit

85 750 178 785 quae
191 751 286 774 nunc
297 740 360 774 illo
372 740 451 774 1000
460 741 518 774 edi
531 741 657 784 solent,
669 745 793 775 contra

84 796 209 819 verum
231 785 374 820 videtur
396 785 549 820 Varium
571 789 608 820 et
631 786 792 820 Tuccam

79 830 237 865 ‘sublatis
250 834 331 876 post
344 843 376 864 v.
389 831 455 865 566
470 831 633 865 versibus
647 832 791 876 quibus-

86 876 181 918 dam,
204 887 294 921 quos
310 876 386 911 Ver
413 876 497 910 ilius
518 877 697 910 tollendos
715 887 792 911 esse

85 920 366 966 significaverat,
409 933 562 956 acunam
589 922 792 968 relinquere

83 966 273 1009 maluisse,
307 977 415 1010 quam
448 968 554 1001 edere
587 968 684 1012 quod
714 968 792 1013 ipse

85 1015 194 1056 poeta
225 1012 428 1046 abiecisset.
469 1013 515 1047 A.
538 1012 591 1047 IV
613 1013 682 1047 436
714 1013 791 1047 ‘de-

86 1057 196 1091 deris’
219 1068 242 1091 a
264 1057 376 1092 Vario
400 1060 436 1092 et
455 1058 580 1092 Tucca
601 1059 792 1103 probatum

86 1112 176 1146 esse,
202 1113 225 1136 a
248 1102 351 1136 bonis
372 1103 580 1137 auctoribus
608 1104 791 1149 accepisse

84 1151 217 1193 potest,
240 1159 321 1182 cum
343 1149 557 1192 praesertim
573 1149 670 1183 idem
694 1151 790 1194 lege—

84 1192 157 1227 rint
178 1192 365 1228 Danielini
386 1193 612 1238 interpretes.
642 1195 680 1228 in
703 1195 792 1228 sexti

59 1238 61 1240 ’
84 1237 168 1272 libri
180 1238 282 1272 initio
292 1239 543 1273 constituendo
553 1240 648 1283 quod
659 1240 792 1274 amicos

85 1294 108 1317 a
126 1283 281 1329 Vergilii
302 1284 485 1318 voluntate
510 1285 718 1319 discessisse
740 1289 791 1319 te-

85 1329 240 1363 statur&
268 1330 487 1363 contrarium
517 1334 571 1364 est
598 1330 670 1364 illis
700 1341 791 1374 quae

85 1375 182 1419 apud
195 1374 434 1419 Pomponium
448 1374 623 1419 Sabinum
637 1376 680 1409 de
696 1377 790 1410 Tuc-

85 1430 149 1453 cae
163 1420 341 1454 sententia
354 1420 494 1454 Probus
508 1421 695 1454 rettulit65.
719 1421 791 1456 VII

83 1464 152 1499 464
180 1465 322 1510 ‘aquai’
354 1466 532 1500 diaeresin
561 1466 722 1500 Tuccam
756 1471 793 1500 et

83 1509 236 1545 Varium
257 1510 405 1554 fecisse,
430 1511 634 1557 Vergilium
658 1514 791 1556 ‘aquae

83 1555 216 1590 amnis'
233 1556 430 1601 scripsisse,
446 1567 518 1591 11011
535 1561 589 1591 est
605 1557 791 1602 credibile,

83 1647 241 1680 scheidius,
261 1649 311 1680 qui
335 1648 434 1674 locum
459 1649 491 1674 in
517 1656 582 1674 eam
602 1651 789 1681 sententiam,

83 1689 171 1714 quam
189 1690 277 1713 supra
295 1683 425 1715 exhibui,
449 1690 465 1708 0
485 1683 582 1708 Servii
607 1685 791 1715 praefatione

83 1716 240 1748 supplevit.
271 1715 372 1743 ‘Nisus
385 1734 392 1741 .
407 1735 414 1742 .
429 1735 435 1742 .
450 1718 558 1748 aiebat,
578 1718 701 1743 Varium
721 1719 791 1743 duo-

82 1757 149 1775 rum
166 1750 310 1776 librorum
326 1751 460 1776 ordinem
480 1754 676 1777 commutasse
694 1755 723 1777 et
741 1753 791 1784 qui

82 1786 154 1809 tunc
172 1785 318 1810 secundus
331 1787 408 1810 esset
420 1785 452 1810 in
464 1787 585 1811 tertium
598 1786 696 1812 locum
713 1789 791 1812 tran-

83 1818 214 1844 stulisse'
234 1819 328 1844 edidit
340 1820 490 1850 Hagenus.

116 1853 150 1879 63
168 1853 333 1884 Wagnerus
346 1854 418 1878 Niso
431 1853 520 1878 fidem
539 1854 706 1879 habendam
727 1862 791 1880 esse

82 1887 211 1918 putavit:
230 1894 299 1912 nam
312 1887 344 1911 in
357 1887 429 1918 ipsis
442 1888 542 1912 verbis
555 1888 630 1913 nihil
649 1888 788 1921 inveniri,

81 1921 160 1952 quod
178 1928 240 1946 non
259 1923 358 1952 posset
372 1922 575 1953 Vergilianum
592 1922 706 1947 videri:
725 1923 789 1948 iure

68 1956 182 1980 tamen
193 1955 317 1982 Varium
337 1957 365 1980 et
381 1956 511 1980 Tuccam
531 1963 633 1981 versus
653 1956 721 1981 illos
741 1957 788 1982 de-

81 1988 198 2022 levisse,
224 1996 291 2014 011111
316 1991 375 2014 tam
400 1991 489 2015 tenue
509 1991 596 2021 atque
615 1991 692 2015 exile
710 1992 789 2022 prin-

83 2023 192 2054 cipium
221 2030 317 2054 neque
347 2031 413 2048 cum
442 2027 615 2054 argumento
648 2025 789 2050 carminis

83 2057 257 2088 gravissimo
274 2064 370 2089 neque
389 2065 455 2082 cum
475 2058 543 2082 stilo
562 2060 621 2083 tam
636 2059 788 2090 grandiae
840 2088 859 2090 Ἴ

83 2097 208 2116 nervoso
234 2094 419 2124 congrueret.
449 2092 633 2123 probabilius
656 2093 789 2118 Conrads

84 2126 193 2155 quaest.
206 2126 293 2156 Verg.
307 2125 424 2156 p.XXV
437 2126 590 2151 recitando
603 2127 698 2157 primo
712 2127 788 2151 libro

84 2164 102 2182 a
113 2160 200 2189 poeta
211 2166 260 2184 eos
273 2160 448 2191 praemissos
468 2167 532 2184 esse
552 2161 688 2185 coniecit.
714 2161 788 2186 illud

84 2198 200 2223 quoque
223 2194 366 2225 suspicari
391 2194 499 2225 possis,
528 2195 694 2226 Vergilium
722 2203 787 2220 cum

83 2226 172 2257 primi
199 2226 269 2253 libri
298 2228 451 2259 exemplar
481 2229 577 2252 amico
608 2229 710 2253 nescio
742 2230 789 2254 cui

83 2259 241 2291 legendum
269 2262 414 2292 mitteret,
447 2262 516 2287 huic
546 2262 598 2287 uni
628 2263 789 2294 exemplari

82 2300 185 2319 versus
197 2294 264 2320 illos
276 2295 434 2321 addidisse.

117 2328 152 2353 64
169 2327 204 2352 A.
217 2329 304 2355 vsu
324 2328 491 2355 ‘sciendum
517 2336 588 2354 sane
606 2330 734 2355 Tuccam
761 2332 790 2355 et

83 2361 207 2388 Varium
230 2362 309 2388 hunc
332 2363 421 2389 finem
446 2364 542 2395 quinti
562 2371 625 2389 esse
644 2365 788 2398 voluisse;

83 2402 154 2420 nam
168 2403 186 2420 a
198 2396 328 2428 Vergilio
348 2398 405 2422 duo
424 2405 526 2423 versus
545 2400 701 2429 sequentes
721 2399 789 2424 huic

46 2430 49 2434 ‘
83 2430 179 2455 iuncti
201 2430 338 2456 fuerunt.⁷
362 2432 398 2457 A.
411 2432 452 2458 VI
472 2435 485 2457 1
515 2432 600 2457 ‘sane
624 2432 788 2464 sciendum,

81 2463 155 2489 licet
172 2464 282 2495 primos
300 2464 372 2490 duos
389 2473 491 2491 versus
509 2467 623 2491 Probus
643 2468 672 2491 et
690 2466 742 2491 alii
758 2467 787 2491 in

83 2498 181 2529 quinti
203 2498 377 2530 reliquerint
400 2499 467 2530 fine,
494 2500 656 2531 prudenter
675 2501 713 2525 ad
734 2501 788 2525 ini-

83 2532 157 2556 tium
182 2533 258 2557 sexti
283 2539 345 2557 csse
369 2534 542 2565 translatos;
574 2541 643 2558 nam
669 2537 697 2559 et
721 2542 789 2559 con-

1427 162 1529 192 XVII

821 251 1040 286 quamquam
1069 239 1213 275 Servius
1247 240 1293 275 ab
1327 239 1529 285 antiquiore

820 287 1017 332 interprete
1032 285 1185 319 fortasse
1201 285 1412 319 adnotatum
1425 285 1528 328 vidit,

821 332 948 377 ‘aquai
959 332 966 345 ²
995 331 1211 376 scripturam
1239 331 1286 364 ad
1315 331 1530 375 exemplaris

819 388 842 411 a
864 378 976 415 Vario
1006 376 1095 410 editi
1118 375 1228 410 fidem
1249 376 1378 410 redire.
1410 386 1529 419 neque

821 422 985 457 Suetonii
1012 422 1124 467 igitur
1145 431 1264 464 neque
1291 420 1407 455 Servii
1429 421 1528 455 testi-

818 468 939 502 monia
950 478 993 502 ea
1003 470 1096 510 sunt,
1103 466 1386 510 quibusVarium
1395 467 1528 500 etTuc—

820 524 899 547 cam
915 513 954 547 111
970 512 1113 547 edenda
1125 511 1290 545 Aeneide
1304 522 1367 545 suo
1380 512 1529 545 arbitrio

820 558 970 592 nimium
991 556 1182 591 indulsisse
1205 557 1395 602 probetur:
1419 557 1529 591 immo

820 614 863 638 ea
885 603 939 637 illi
961 603 1044 648 lege
1072 602 1361 636 emendationem
1379 602 1528 636 eircum-

819 648 1007 694 scripsisse
1024 647 1204 691 videntur,
1223 651 1264 681 ut
1280 647 1397 681 sicubi
1413 647 1529 692 dupli-

820 704 899 728 cem
927 694 1142 738 scripturam
1169 696 1278 737 poeta
1308 693 1527 738 reliquisset,

820 750 899 773 eam
913 749 1022 783 quam
1039 739 1217 782 aptiorem
1234 738 1450 780 iudicarent,
1467 742 1531 772 aut

818 784 882 818 ubi
891 784 1069 818 incertum
1078 786 1172 817 esset
1181 784 1267 828 quid
1277 783 1338 817 ille
1347 784 1529 828 voluisset,

819 829 857 863 id
870 833 1046 874 ponerent
1057 829 1153 873 quod
1163 828 1318 862 voluisse
1332 829 1420 874 ipsis
1430 829 1528 863 vide—

819 878 929 917 retur,
958 875 996 908 in
1024 874 1153 909 ceteris
1176 874 1267 907 nihil
1294 875 1525 909 mutarentssss.

820 931 900 955 cum
917 920 1092 954 Horatius
1114 919 1151 952 in
1174 919 1352 953 saeculari
1371 920 1527 954 camnine

820 969 855 999 et
870 966 908 999 in
922 965 1041 1010 quarti
1053 965 1137 998 libri
1151 964 1369 998 carminibus
1384 965 1529 1010 quibus-

820 1011 902 1044 dam
919 1011 966 1044 ad
983 1010 1185 1045 Aeneidem
1201 1010 1411 1055 respexerit,
1436 1021 1530 1044 anno

820 1056 943 1100 737s17
957 1056 1033 1090 fere
1053 1066 1133 1090 eam
1151 1056 1287 1090 editam
1304 1066 1381 1090 esse
1399 1056 1529 1101 proba-

820 1101 891 1136 bile
911 1102 1014 1135 est67.

887 1146 1065 1188 Quoniam
1102 1146 1147 1180 de
1187 1146 1405 1181 carminibus
1439 1146 1528 1182 Ver-

819 1192 899 1237 gilii
931 1196 1093 1226 veterum
1127 1191 1333 1226 testimonia
1367 1192 1530 1236 exposita

819 1241 918 1281 sunt,
941 1248 1035 1281 quae
1059 1237 1205 1271 Andino
1228 1237 1378 1282 praedio
1401 1238 1528 1271 relicto

819 1287 947 1327 poetae
978 1283 1138 1317 evenisse
1168 1283 1374 1327 accepimus
1403 1283 1529 1327 paucis

820 1329 1134 1373 comprehendam.
1178 1332 1287 1372 atque
1317 1328 1528 1373 ‘parcntcs,’

818 1377 858 1407 ut
877 1374 929 1407 ait
947 1373 1138 1408 Suetonius
1155 1375 1203 1418 (p.
1222 1373 1277 1416 57,
1297 1374 1338 1407 16
1356 1373 1414 1416 R.)
1437 1373 1527 1407 ‘iam

819 1419 967 1464 grandis
989 1419 1125 1462 amisit,
1155 1430 1197 1453 ex
1226 1419 1357 1462 quibus
1386 1422 1528 1463 patrem

819 1469 965 1509 captum
983 1464 1108 1507 oculis,
1132 1467 1168 1498 et
1186 1464 1274 1497 duos
1296 1464 1427 1498 fratres
1447 1476 1527 1509 ger-

818 1520 953 1553 manos,
961 1508 1119 1544 Silonem
1128 1509 1351 1554 inpuberem,
1359 1509 1528 1544 Flaccum

817 1555 890 1589 iam
911 1555 1096 1589 adultum.’
1122 1565 1215 1588 anno
1235 1555 1358 1598 717s37
1374 1555 1527 1589 Brundi-

818 1601 895 1634 sino
907 1600 960 1634 illi
975 1600 1197 1634 Maecenatis
1213 1599 1334 1634 itineri
1349 1600 1527 1643 interfuit,

818 1647 914 1690 quod
942 1645 1116 1680 Horatius
1145 1646 1272 1690 quinta
1299 1645 1407 1690 primi
1442 1645 1527 1680 libri

818 1695 940 1725 satura
967 1691 1191 1736 lepidissime
1214 1690 1415 1735 descripsit.
1447 1703 1528 1725 cum

818 1737 1023 1772 Maecenati
1036 1740 1072 1770 et
1085 1736 1238 1770 Horatio
1250 1736 1367 1770 Roma
1380 1736 1525 1770 venien-

816 1782 912 1817 tibus
926 1782 1122 1816 occurrerit
1135 1781 1327 1816 Sinuessae
1342 1782 1527 1827 Vergilius

818 1839 898 1863 cum
914 1827 1036 1862 Plotio
1054 1831 1089 1861 et
1105 1827 1218 1861 Vario
1235 1827 1426 1861 comitibus
1445 1830 1523 1867 (sat.

816 1873 833 1907 Ι
851 1875 882 1917 5,
900 1874 946 1907 40
962 1877 1043 1917 sq.),
1062 1884 1080 1907 e
1100 1871 1300 1917 Campania
1316 1872 1353 1905 hi
1370 1872 1526 1917 profecti

817 1929 894 1953 esse
916 1918 1097 1962 videntur,
1126 1929 1243 1962 neque
1266 1918 1355 1951 illud
1380 1929 1526 1962 prorsus

815 1964 1080 2009 repudiandum
1114 1964 1211 2007 quod
1244 1963 1431 1997 Landinus
1469 1976 1526 1998 su-

815 2010 975 2055 spicatus
990 2009 1101 2053 cst,in
1111 2008 1251 2044 Nolano
1265 2019 1352 2054 agro
1365 2008 1437 2043 iam
1451 2012 1526 2044 tum

849 2126 882 2151 66
901 2125 983 2155 Quae
1001 2125 1180 2150 Danielinus
1206 2124 1351 2156 interpres
1377 2123 1414 2149 ad
1433 2124 1469 2150 A.
1483 2124 1524 2151 VI

815 2160 874 2190 ⁵289,
893 2159 936 2183 ΠΙ
949 2160 1000 2184 204
1019 2162 1048 2183 ct
1066 2160 1115 2183 226
1134 2158 1287 2183 adnotavit
1305 2159 1362 2183 huc
1382 2166 1442 2183 11011
1462 2166 1526 2189 per-

815 2194 921 2218 tinent.
941 2200 1010 2217 nam
1024 2199 1126 2217 versus
1140 2200 1212 2223 quos
1227 2200 1243 2217 e
1256 2195 1339 2218 sexto
1353 2193 1430 2218 libro
1444 2193 1494 2217 1110
1508 2200 1526 2218 a

815 2230 918 2258 poetae
939 2227 1181 2252 emendatoribus
1202 2226 1332 2252 sublatos
1353 2234 1416 2252 esse
1442 2227 1523 2257 dicit,

815 2269 852 2286 ne
871 2268 957 2292 posse
975 2261 1094 2292 quidem
1114 2261 1238 2292 Vergilii
1259 2268 1323 2286 esse
1342 2261 1525 2286 Ribbeckius

816 2296 945 2321 ostendit
959 2294 1081 2326 (proleg.
1096 2302 1123 2326 p.
1139 2294 1193 2326 91).
1210 2295 1344 2319 versibus
1358 2296 1408 2326 qui
1421 2296 1464 2319 III
1477 2296 1527 2320 :204

817 2329 1026 2354 ‘circumducti
1061 2329 1177 2354 inventi
1209 2329 1348 2353 dicuntur
1384 2331 1413 2354 et
1443 2331 1527 2354 extra.

815 2365 952 2396 paginam
966 2364 998 2388 in
1011 2363 1136 2388 mundo'
1151 2363 1299 2393 Vergilius
1318 2364 1443 2388 fortasse
1463 2371 1526 2388 sen-

815 2399 938 2423 teutiam
951 2397 1058 2422 leviter
1071 2397 1305 2427 adumbraverat,
1315 2404 1372 2428 qua
1384 2397 1415 2421 in
1428 2404 1527 2422 emen-

815 2433 912 2457 dando
951 2432 1082 2456 carmine
1114 2431 1151 2455 ad
1182 2431 1346 2460 augendam
1382 2431 1527 2462 periculo-

816 2474 878 2491 rum
893 2466 1042 2490 Aeneadis
1061 2465 1281 2490 imminentium
1296 2465 1526 2496 descriptionem

815 2502 955 2525 uteretur.
976 2500 1019 2524 111
1032 2500 1081 2525 :226
1097 2499 1252 2523 ‘resonant
1266 2500 1379 2530 magnis
1393 2499 1526 2524 stridori-

816 2535 868 2559 bus
893 2534 970 2559 aIae'
1003 2534 1084 2565 prior
1114 2533 1260 2564 scriptura
1284 2534 1374 2558 fuisse
1398 2533 1525 2564 videtur,

83 2565 196 2591 iunctio
215 2566 360 2598 poematis
377 2568 484 2592 melior
511 2570 563 2597 est,
591 2570 618 2593 et
643 2569 789 2594 Homerus
815 2576 902 2600 quam
916 2569 978 2599 ipsc
991 2570 1078 2598 poeta
1091 2567 1210 2592 delevit.

83 2600 172 2626 etiam
186 2600 228 2625 sic
241 2600 393 2625 inchoavit
407 2599 446 2630 ὣς
459 2599 537 2635 φάτο
552 2599 646 2637 δάκρυ
657 2602 758 2635 stum)

848 2604 880 2628 67
905 2603 940 2626 cf.
967 2601 1079 2627 Gaston
1110 2601 1242 2626 Boissier
1273 2601 1454 2631 publication
1489 2600 1525 2624 de

116 2634 150 2659 65
167 2634 202 2659 A.
216 2635 258 2660 VI
271 2636 285 2659 1
311 2633 442 2660 ‘Probus
466 2635 538 2660 “his
562 2636 676 2661 duobus
699 2637 788 2662 versi·
814 2635 948 2661 l’Eneide
963 2637 1063 2661 Revue
1078 2635 1114 2659 (10
1128 2635 1298 2666 philologio.
1311 2635 1379 2661 VIII
1393 2643 1420 2666 p.
1435 2637 1449 2659 1
1463 2635 1524 2665 sqq.

84 2667 160 2694 bus”
181 2668 278 2700 inquit
299 2667 425 2693 “finitur
437 2670 484 2694 hic
497 2669 574 2696 liber
587 2671 617 2696 in
631 2672 747 2697 Tuccae
761 2673 789 2697 et
815 2673 844 2695 et
856 2669 1045 2695 P.Dcuticke
1057 2669 1228 2695 Jahrcsbcr.
1239 2669 1266 2694 d.
1276 2669 1378 2700 philol.
1388 2669 1523 2696 Vereins.

85 2701 270 2730 Cornelianis
284 2703 548 2729 commentariis.¹’¹

157 2747 288 2784 Veryilius
299 2747 341 2775 ed.
357 2746 441 2773 Thilo.

814 2705 855 2729 xl
868 2712 896 2737 p.
910 2705 969 2730 239.

1273 2749 1297 2776 B
