1622 2847
472 163 764 203 GEORGICON
785 165 882 200 LIB.
907 164 957 207 11.

451 527 976 588 GEORGIOON

575 746 765 785 LIBER
799 746 852 784 Π.

100 892 321 934 Hactenus
348 905 542 932 arvorum
568 892 704 932 cultus
730 898 770 933 et
795 891 930 932 sidera
956 891 1076 932 caeli:

43 969 155 996 nunc
178 960 232 1003 te,
264 954 445 1003 Bacche,
472 968 633 1002 canam,
658 968 736 995 nec
761 968 844 994 non
870 953 1075 995 silvestria
1099 960 1238 996 tecum

44 1016 226 1072 virgulta
250 1024 290 1057 et
314 1017 472 1071 prolem
497 1016 614 1057 tarde
640 1016 861 1057 crescentis
887 1016 1034 1057 olivae.

42 1079 138 1129 huc,
163 1087 281 1134 pater
305 1094 329 1120 ο
355 1079 524 1120 Lenaee
551 1079 649 1130 (tuis
674 1078 740 1120 hic
766 1079 904 1119 omnia
928 1080 1052 1133 plena

43 1142 298 1190 muneribus,
323 1141 397 1182 tibi
420 1141 642 1196 pampineo
667 1141 865 1196 gravidus
891 1148 1091 1182 autumno

42 1205 160 1245 floret
185 1219 296 1259 ager,
322 1212 488 1259 spumat
511 1203 642 1258 plenis
669 1203 878 1244 vindemia
901 1203 1059 1256 labris),

43 1265 137 1315 huc,
161 1274 279 1321 pater
303 1280 326 1307 o
353 1266 536 1315 Lenaee,
567 1265 662 1307 veni
686 1266 925 1319 nudataque
950 1273 1087 1306 musto

42 1328 186 1384 tingue
210 1343 319 1369 novo
345 1343 508 1370 mecum
533 1328 713 1383 dereptis
739 1343 859 1369 crura
884 1328 1109 1369 cothurnis.

97 1391 308 1446 Principio
334 1391 551 1432 arboribus
577 1391 691 1431 varia
716 1398 777 1433 est
801 1398 950 1432 natura
975 1390 1176 1432 creandis.

42 1468 221 1508 namque
246 1454 350 1495 aliae
374 1454 498 1495 nullis
524 1453 741 1495 hominum
766 1454 1012 1509 cogentibus
1037 1454 1153 1509 ipsae

43 1524 189 1572 sponte
214 1532 290 1558 sua
314 1517 486 1559 veniunt
511 1531 764 1572 camposque
789 1526 829 1558 et
854 1517 1026 1558 flumina
1049 1517 1131 1558 late

43 1595 170 1622 curva
193 1587 348 1630 tenent,
374 1588 420 1621 ut
444 1580 567 1621 molle
592 1580 687 1621 siler
710 1580 931 1634 lentaeque
956 1580 1157 1635 genistae,

41 1644 219 1699 populus
244 1651 285 1685 et
308 1643 459 1699 glauca
484 1644 673 1685 canentia
697 1643 846 1685 fronde
871 1644 1033 1692 salicta3

42 1721 136 1761 pars
160 1714 300 1748 autem
323 1707 457 1761 posito
482 1714 660 1761 surgunt
685 1707 736 1748 de
761 1707 932 1756 semine,
957 1715 1003 1748 ut
1029 1706 1136 1748 altae

43 1776 259 1811 castaneae
283 1783 584 1823 nemorumque
608 1769 701 1810 Iovi
725 1783 831 1823 quae
855 1769 1038 1810 maxima
1062 1768 1227 1809 frondet

44 1831 231 1872 aesculus
256 1841 380 1885 atque
405 1831 573 1872 habitae
600 1830 724 1872 Grais
750 1832 918 1872 oracula
942 1846 1134 1885 quercus.

42 1894 216 1948 pullulat
240 1893 293 1935 ab
317 1894 455 1935 radice
480 1894 570 1934 aliis
597 1894 841 1935 densissima
867 1894 983 1943 silva,

43 1962 90 1997 ut
114 1956 264 1997 cerasis
288 1956 516 2010 ulmisque3
542 1956 666 1997 etiam
690 1956 893 1997 Parnasia
918 1956 1059 1998 laurus

43 2033 171 2073 parva
194 2018 273 2059 sub
297 2019 455 2074 ingenti
479 2019 620 2060 matris
646 2034 690 2060 se
715 2019 866 2060 subicit
891 2019 1051 2059 umbra.

45 2080 118 2122 hos
142 2088 289 2123 natura
311 2082 457 2122 modos
482 2082 662 2136 primum
687 2081 812 2130 dedit,
844 2080 907 2122 his
931 2096 1065 2136 genus
1090 2095 1211 2121 omne

44 2143 241 2185 silvarum
265 2143 545 2198 fruticumque
571 2144 675 2185 viret
698 2158 998 2197 nemorumque
1025 2157 1250 2184 sacrorum.

102 2205 211 2248 Sunt
235 2207 316 2256 alii,
342 2221 446 2260 quos
469 2207 558 2262 ipse
583 2207 650 2247 via
675 2207 753 2248 sibi
777 2207 958 2261 repperit
983 2221 1096 2247 usus.

45 2267 112 2310 hic
135 2269 297 2323 plantas
321 2276 463 2311 tenero
489 2268 735 2310 abscindens
761 2269 811 2310 de
837 2283 1008 2323 corpore
1032 2275 1211 2309 matrum

47 2330 238 2385 deposuit
262 2331 398 2382 sulcis,
422 2331 489 2373 hic
515 2331 662 2386 stirpes
688 2331 825 2372 obruit
849 2345 947 2372 arvo

46 2393 380 2448 quadrifidasque
404 2394 527 2436 sudes
554 2402 594 2436 et
618 2402 739 2435 acuto
763 2394 910 2435 robore
935 2393 1064 2434 vallos
1073 2409 1084 2442 ;

47 2455 328 2510 silvarumque
354 2456 458 2498 aliae
482 2471 645 2512 pressos
671 2456 911 2511 propaginis
938 2470 1058 2497 arcus

49 2525 267 2573 expectant
292 2526 330 2559 et
355 2520 451 2560 viva
475 2535 551 2560 sua
574 2519 778 2574 plantaria
802 2528 923 2568 terra,

48 2581 106 2621 nil
129 2581 278 2622 radicis
304 2582 427 2636 egent
451 2582 554 2623 aliae
580 2596 871 2634 summumque
897 2587 1063 2636 putator

48 2641 161 2685 haud
185 2643 347 2685 dubitat
371 2651 504 2686 terrae
529 2645 713 2687 referens
738 2644 936 2686 mandare
962 2658 1174 2686 cacumen.

1330 153 1389 203 ⁷43

1418 1455 1460 1487 10

1418 1768 1458 1798 15

1413 2080 1454 2110 20

1414 2392 1456 2423 25
