1622 2847
493 179 596 218 AEN
598 180 747 217 ElDOS
771 181 866 217 LIB.
890 181 920 218 Ι.

31 287 138 330 forte
163 303 239 329 sua
261 285 434 342 Libycis
458 292 683 341 tempestas
709 285 869 341 adpulit
894 286 989 327 oris.

33 365 124 391 sum
149 350 241 405 pius
266 350 447 397 Aeneas,
472 356 613 403 raptos
639 348 710 402 qui
735 363 786 389 ex
810 348 1124 403 hostepenates

33 413 163 453 classe
188 411 294 453 veho
319 425 496 459 mecum,
522 411 634 452 fama
659 425 784 465 super
808 410 975 451 aethera
999 418 1135 451 notus.

31 474 196 515 Italiam
221 487 375 527 quaero
401 473 577 528 patriam
603 480 641 514 et
666 488 798 528 genus
824 473 877 514 ab
902 472 1003 514 Iove
1028 487 1204 515 summo.

32 536 96 576 bis
122 536 237 576 denis
261 535 495 590 Phrygium
521 535 743 576 conscendi
767 535 946 576 navibus
971 549 1140 588 aequor,

32 604 164 638 matre
189 598 266 638 dea
289 604 543 638 monstrante
569 597 678 638 viam
704 597 800 638 data
824 597 910 638 fata
936 604 1122 647 secutus3

32 660 103 700 vix
127 667 285 715 septem
311 659 530 701 convolsae
556 660 677 700 undis
704 674 887 712 euroque
914 666 1148 714 supersunt.

32 722 121 776 ipse
145 722 326 776 ignotus,
352 737 493 776 egens,
519 722 683 776 Libyae
709 722 872 763 deserta
897 737 1087 776 peragro,

32 783 204 839 Europa
229 791 352 838 atque
376 784 481 825 Asia
505 784 677 839 pulsus.9
725 798 803 825 nec
828 784 949 838 plura
974 791 1214 837 querentem

31 861 155 902 passa
178 847 323 889 Venus
347 846 483 888 medio
510 846 567 888 sic
592 846 786 888 interfata
813 846 954 887 dolore
980 853 1059 887 est:

91 907 312 962 ‘Quisquis
337 924 393 957 eS,
420 909 545 958 haud,
572 908 709 957 credo,
734 908 892 949 invisus
918 909 1165 950 caelestibus
1191 924 1312 950 auras

32 970 167 1011 vitalis
193 971 340 1025 carpis,
366 971 537 1025 Tyriam
563 971 632 1024 qui
659 970 876 1012 adveneris
900 970 1059 1012 urbem.

32 1047 161 1087 perge
186 1033 309 1073 modo
335 1040 458 1086 atque
484 1033 579 1074 hinc
604 1041 643 1074 te
668 1033 836 1087 reginae
862 1032 914 1073 ad
938 1033 1082 1073 limina
1106 1032 1256 1087 perfer.

32 1109 213 1148 namque
239 1095 312 1135 tibi
338 1095 510 1136 reduces
537 1095 669 1136 socios
695 1096 952 1148 classemque
977 1095 1149 1136 relatam

31 1157 178 1198 nuntio
202 1164 243 1197 et
265 1157 308 1197 in
333 1164 467 1197 tutum
493 1157 620 1197 versis
647 1157 907 1210 aquilonibus
934 1164 1082 1205 actam,

31 1219 75 1260 ni
99 1219 251 1259 frustra
276 1219 498 1273 augurium
523 1219 617 1260 vani
644 1219 820 1260 docuere
846 1226 1048 1273 parentes.

33 1281 171 1336 aspice
196 1281 258 1321 bis
283 1296 404 1322 senos
428 1281 619 1322 laetantis
645 1281 810 1336 agmine
836 1295 1002 1336 cycnos,

33 1343 216 1385 aetheria
239 1358 342 1397 quos
367 1344 484 1398 lapsa
508 1344 632 1398 plaga
657 1343 769 1385 Iovis
795 1343 879 1385 ales
905 1350 1046 1398 aperto

33 1406 230 1447 turbabat
253 1407 386 1455 cae103
416 1420 526 1447 nunc
552 1414 680 1447 terras
706 1406 849 1447 ordine
873 1406 1000 1462 longo

35 1476 106 1510 aut
130 1483 277 1523 capere
302 1476 374 1509 aut
397 1476 539 1523 captas
563 1469 646 1509 iam
672 1469 913 1523 despectare
938 1469 1148 1510 videntur:

33 1538 80 1572 ut
102 1531 276 1572 reduces
300 1531 358 1572 illi
382 1531 532 1572 ludunt
557 1531 825 1572 stridentibus
850 1531 925 1571 alis

34 1600 76 1635 et
98 1601 218 1635 coetu
243 1593 407 1635 cinxere
431 1594 572 1648 polum
598 1602 828 1646 cantusque
854 1593 1019 1642 dedere,

33 1655 146 1698 haud
171 1655 289 1697 aliter
311 1670 557 1711 puppesque
582 1663 677 1697 tuae
702 1656 920 1710 pubesque
945 1662 1112 1696 tuorum

34 1725 105 1759 aut
129 1725 293 1773 portum
318 1725 431 1759 tenet
455 1725 526 1758 aut.
549 1718 673 1772 pleno
700 1718 812 1759 subit
835 1717 940 1758 ostia
964 1717 1069 1759 velo.

33 1796 160 1836 perge
185 1781 308 1822 modo
334 1788 386 1830 et,
413 1795 497 1834 qua
521 1788 562 1821 te
587 1780 702 1821 ducit
724 1780 805 1829 via,
832 1780 964 1834 dirige
989 1779 1209 1835 gressum.'

89 1843 210 1884 Dixit
234 1850 275 1884 et
299 1850 487 1884 avertens
511 1857 630 1884 rosea
655 1843 816 1883 cervice
841 1842 1002 1883 refulsit

34 1905 347 1959 ambrosiaeque
372 1920 514 1946 comae
540 1905 725 1945 divinum
751 1904 904 1946 vertice
930 1904 1097 1945 odorem

34 1968 256 2023 spiravere,
281 1967 407 2022 pedes
432 1967 557 2008 vestis
583 1967 756 2008 defluxit
780 1967 832 2007 ad
856 1967 975 2015 imos,

35 2038 76 2072 et
99 2045 197 2072 vera
220 2030 383 2071 incessu
408 2030 543 2084 patuit
567 2029 656 2071 dea.
704 2029 772 2070 ille
797 2029 870 2069 ubi
895 2036 1072 2070 matrem

0 2121 1 2146 ³
35 2092 246 2148 adgnovit,
272 2093 344 2133 tali
368 2092 597 2147 fugientem
623 2098 685 2132 est
709 2105 811 2132 voce
836 2097 1020 2132 secutus:

36 2155 155 2208 ‘quid
178 2161 322 2196 natum
346 2155 508 2203 totiens,
534 2154 712 2195 crudelis
736 2160 782 2194 tu
806 2167 985 2206 quoque,
1011 2152 1126 2193 falsis

34 2217 141 2258 ludis
166 2216 440 2272 imaginibus?
465 2231 539 2258 cur
563 2217 732 2258 dextrae
756 2216 929 2270 iungere
955 2215 1143 2256 dextram

34 2294 117 2321 non
143 2280 263 2320 datur
287 2294 335 2321 ac
359 2295 478 2321 veras
503 2279 646 2320 audire
671 2286 710 2320 et
734 2278 907 2320 reddere
932 2277 1098 2319 voces?'

35 2343 188 2384 talibus
218 2343 380 2383 incusat
404 2356 677 2397 gressumque
704 2341 757 2382 ad
780 2341 945 2382 moenia
969 2340 1114 2382 tendit.

37 2412 79 2446 at
102 2405 247 2447 Venus
273 2405 448 2446 obscuro
473 2404 698 2460 gradientis
723 2419 817 2445 aere
842 2403 996 2458 saepsit

37 2475 79 2510 et
102 2468 231 2509 multo
254 2467 431 2509 nebulae
456 2468 610 2509 circum
636 2467 714 2508 dea
737 2467 845 2507 fudit
869 2466 1036 2515 amictu,

38 2544 203 2571 cernere
227 2530 374 2584 nequis
399 2545 468 2572 eos
491 2546 573 2571 neu
598 2530 689 2583 quis
715 2530 952 2584 contingere
977 2535 1117 2583 posset

37 2592 222 2633 molirive
247 2607 405 2633 moram
431 2600 502 2633 aut
526 2591 719 2633 veniendi
743 2606 914 2646 poscere
940 2606 1097 2632 causas.

37 2653 127 2712 ipsa
150 2654 345 2711 Paphum
369 2655 556 2697 sublimis
583 2654 669 2696 abit
693 2654 894 2709 sedesque
919 2653 1060 2695 revisit

1104 2719 1153 2755 ’με

1325 172 1379 216 99

1405 480 1469 511 380

1407 791 1470 822 385

1407 1103 1471 1134 390

1408 1414 1470 1445 395

1406 1726 1471 1757 400

1405 2038 1470 2069 405

1404 2349 1470 2380 410

1402 2661 1466 2693 415
