1660 2847
550 175 803 213 AENEIDOS
827 176 923 211 LIB.
950 176 1016 212 IV.

110 281 213 323 urbe
237 281 392 331 furens,
418 280 551 334 qualis
579 281 765 323 coniecta
791 295 912 322 cerva
938 279 1101 334 sagitta,

111 357 235 397 quam
261 343 405 398 procul
428 342 639 383 incautam
665 357 837 384 nemora
860 342 967 383 inter
993 340 1140 383 Cresia
1164 341 1254 382 fixit

110 413 252 460 pastor
276 420 403 461 agens
428 405 520 446 telis
543 405 746 459 liquitque
772 405 937 445 volatile
962 404 1119 445 ferrum

109 467 287 516 nescius,
312 467 382 508 illa
405 467 507 521 fuga
533 467 657 508 silvas
684 467 896 519 saltusque
921 473 1117 521 peragrat

110 529 320 578 Dictaeos,
346 529 490 570 haeret
513 529 631 570 lateri
655 529 788 570 letalis
814 528 1016 569 harundo.

110 606 220 632 nunc
247 591 382 632 media
407 592 584 632 Aenean
610 606 751 632 secum
776 606 850 646 per
874 591 1039 632 moenia
1065 591 1177 631 ducit

112 652 386 706 Sidoniasque
411 660 590 694 ostentat
614 668 713 708 opes
739 653 968 706 urbemque
995 660 1201 707 paratam;

108 715 250 769 incipit
275 715 406 763 effari,
432 715 651 769 mediaque
675 716 717 756 in
742 729 845 756 voce
869 715 1040 763 resistit3

108 792 219 818 nunc
244 777 390 818 eadem
414 777 579 818 labente
605 777 670 818 die
696 777 884 818 convivia
909 777 1071 830 quaerit

108 839 340 892 Iliacosque
364 840 514 880 iterum
539 839 709 880 demens
735 839 877 880 audire
902 839 1065 880 labores

109 901 295 955 exposcit
318 902 553 956 pendetque
578 901 728 942 iterum
753 901 957 942 narrantis
984 901 1036 941 ab
1061 915 1144 941 ore.

107 970 212 1017 post,
237 963 310 1004 ubi
335 964 509 1019 digressi
534 965 758 1017 lumenque
784 964 962 1004 obscura
985 963 1168 1004 vicissim

107 1025 206 1066 luna
229 1026 380 1080 premit
403 1027 662 1080 suadentque
688 1026 878 1067 cadentia
903 1026 1038 1067 sidera
1064 1039 1243 1074 somnos,

108 1088 195 1128 sola
220 1089 342 1129 domo
368 1096 524 1129 maeret
547 1103 681 1129 vacua
706 1088 927 1142 stratisque
952 1088 1104 1128 relictis

106 1149 288 1191 incubat.
330 1150 446 1191 illum
473 1151 622 1192 absens
648 1150 862 1191 absentem
888 1150 1085 1203 auditque
1111 1150 1321 1203 videtque,

107 1219 180 1252 aut
203 1213 359 1267 gremio
383 1213 628 1261 Ascanium,
655 1213 853 1267 genitoris
878 1212 1060 1267 imagine
1087 1220 1222 1267 capta,

108 1274 276 1324 detinet,
302 1275 520 1316 infandum
546 1275 579 1316 si
603 1275 746 1316 fallere
772 1275 904 1330 possit
927 1289 1124 1316 amorem.

107 1351 191 1377 non
216 1345 386 1392 coeptae
412 1338 644 1392 adsurgunt
669 1345 814 1386 turres,
840 1353 922 1378 non
948 1353 1064 1378 arma
1087 1338 1281 1378 iuventus

108 1407 272 1441 exercet
295 1408 490 1455 portusve
516 1408 586 1441 aut
611 1400 928 1455 propugnacula
952 1400 1061 1441 bello

107 1468 197 1502 tuta
220 1471 384 1517 parant3
410 1463 590 1517 pendent
617 1477 743 1517 opera
767 1463 997 1517 interrupta
1020 1462 1242 1516 minaeque

106 1539 317 1565 murorum
343 1525 532 1580 ingentes
558 1532 816 1578 aequataque
842 1525 1034 1566 machina
1058 1525 1360 1578 caelosxq-mm-

164 1586 302 1638 Quam
329 1588 450 1628 simul
476 1602 524 1629 ac
549 1587 619 1628 tali
644 1587 849 1642 persensit
874 1594 989 1642 peste
1015 1587 1145 1628 teneri
1245 1581 1249 1584 Δ

108 1663 203 1689 cara
226 1649 338 1690 Iovis
364 1649 544 1690 coniunx
569 1664 645 1690 nec
670 1650 826 1690 famam
852 1650 1016 1690 obstare
1042 1649 1184 1698 furori,

108 1711 259 1752 talibus
284 1711 527 1767 adgreditur
551 1712 760 1754 Venerem
787 1711 983 1753 Saturnia
1008 1712 1144 1752 dictis:

109 1774 338 1829 ‘egregiam
364 1789 461 1815 vero
486 1774 652 1814 laudem
679 1782 719 1815 et
744 1774 877 1828 spolia
901 1774 1040 1828 ampla
1064 1774 1224 1815 refertis

109 1842 236 1889 tuque
261 1851 446 1891 puerque
474 1844 587 1885 tuus3
614 1852 814 1892 magnum
840 1844 878 1878 et
904 1837 1173 1878 memorabile
1197 1851 1363 1887 nomen,

107 1911 192 1938 una
216 1899 310 1939 dolo
336 1899 476 1939 divum
504 1899 538 1939 si
562 1899 715 1940 femina
744 1899 853 1940 victa
878 1899 1054 1940 duorum
1081 1908 1153 1940 cst.

108 1975 185 2001 nec
209 1975 274 2002 me
299 1961 402 2002 adeo
428 1961 530 2002 fallit
557 1962 729 2002 veritam
755 1969 793 2002 te
820 1961 983 2002 moenia
1007 1970 1147 2002 nostra

110 2030 320 2077 suspectas
346 2023 540 2064 habuisse
567 2024 709 2064 domos
739 2023 1014 2078 Karthaginis
1040 2024 1161 2065 altae.

110 2085 184 2126 sed
208 2086 298 2139 quis
324 2087 396 2127 erit
423 2086 585 2135 modus,
612 2094 681 2126 aut
708 2100 790 2139 quo
816 2100 927 2126 nunc
952 2087 1177 2127 certamina
1201 2088 1340 2128 tanta?

109 2147 210 2201 quin
233 2148 368 2202 potius
393 2164 535 2203 pacem
564 2156 773 2190 aeternam
798 2155 1026 2203 pactosque
1051 2149 1303 2202 hymenaeos

109 2211 374 2252 exercemus?
399 2211 540 2259 habes,
572 2218 656 2252 tota
681 2211 793 2264 quod
819 2218 955 2252 mente
982 2211 1144 2265 petisti:

110 2273 227 2314 ardet
250 2288 392 2313 amans
416 2273 529 2313 Dido
556 2274 762 2327 traxitque
788 2288 861 2328 per
886 2288 980 2314 ossa
1005 2273 1200 2315 furorem.

110 2349 371 2376 communem
397 2335 506 2377 hunc
532 2351 630 2391 ergo
655 2336 855 2390 populum
881 2336 1134 2390 paribusque
1159 2352 1353 2392 regamus

110 2397 303 2452 auspiciis
312 2413 323 2446 3
348 2397 467 2438 liceat
494 2399 678 2453 Phrygio
704 2398 857 2439 servire
882 2398 1028 2439 marito

110 2460 340 2513 dotalisque
366 2467 460 2501 tuae
485 2461 633 2515 Tyrios
659 2461 894 2515 permittere
920 2461 1114 2502 dext1·ae.'

167 2521 254 2562 Olli
280 2523 421 2573 (sensit
448 2523 554 2564 enim
582 2524 775 2564 simulata
801 2530 937 2564 mente
963 2524 1159 2573 locutam,

110 2598 193 2637 quo
217 2600 392 2639 regnum
418 2585 562 2627 Italiae
587 2586 770 2639 Libycas
797 2593 997 2627 averteret
1024 2589 1133 2639 oras)

111 2646 170 2688 sic
193 2654 335 2688 contra
359 2654 421 2688 est
444 2647 631 2703 ingressa
654 2649 819 2691 Venus:
847 2648 959 2702 ‘quis
985 2649 1083 2690 talia
1108 2649 1279 2692 demens

1376 165 1454 207 151

1482 352 1523 381 70

1484 662 1523 692 75

1481 973 1523 1004 80

1481 1287 1522 1317 85

1481 1600 1523 1630 90

1481 1913 1521 1943 95

1482 2226 1544 2257 100

1482 2539 1543 2568 105
