1622 2847
536 97 789 136 AENEIDOS
811 98 907 134 LIB.
933 98 982 134 11.

509 472 1005 525 AENEIDOS

620 677 810 716 LIBER
844 677 898 715 Π.

145 822 396 865 Conticuere
421 836 565 863 omnes
589 821 821 876 intentique
847 836 919 862 ora
943 822 1154 863 tenebant.

87 882 183 926 inde
209 892 297 926 toro
322 892 439 939 pater
462 885 630 926 Aeneas
656 884 714 925 sic
739 898 857 925 orsus
883 884 936 925 ab
961 885 1063 925 alto:

89 946 338 996 ‘infandum,
363 947 520 1002 regina,
545 947 664 988 iubes
689 961 889 988 renovare
915 946 1113 997 dolorem,

87 1008 290 1050 Troianas
315 1017 362 1049 ut
385 1024 483 1063 opes
509 1016 550 1050 et
572 1009 839 1050 lamentabile
863 1024 1042 1063 regnum

88 1072 267 1112 eruerint
292 1071 446 1120 Danai,
471 1085 662 1124 quaeque
686 1071 775 1125 ipse
800 1071 1030 1112 miserrima
1053 1071 1140 1112 vidi

87 1139 129 1174 et
152 1147 328 1187 quorum
352 1148 447 1188 pars
473 1148 627 1188 magna
651 1133 724 1174 fui.
773 1133 865 1186 quis
891 1133 990 1174 talia
1014 1133 1141 1175 fando

85 1195 402 1250 Myrmidonum
425 1195 692 1250 Dolopumve
717 1203 788 1236 aut
815 1195 907 1236 duri
931 1196 1050 1237 miles
1075 1195 1193 1237 Ulixi

86 1264 287 1312 temperet
310 1273 334 1299 a
358 1258 563 1299 lacrimis?
588 1265 629 1299 et
651 1258 735 1298 iam
758 1272 842 1298 nox
867 1258 1009 1298 umida
1034 1259 1147 1299 caelo

84 1319 329 1375 praecipitat
352 1320 611 1373 suadentque
637 1320 826 1361 cadentia
852 1320 987 1361 sidera
1011 1334 1190 1362 somnos.

86 1382 158 1423 sed
183 1382 218 1423 si
242 1389 380 1423 tantus
406 1397 522 1423 amor
547 1397 668 1423 casus
695 1396 948 1437 cognoscere
972 1390 1135 1424 nostros

85 1451 127 1486 et
150 1444 330 1486 breviter
354 1444 504 1486 Troiae
530 1459 770 1499 supremum
795 1445 938 1486 audire
963 1445 1162 1493 laborem,

1353 90 1433 132 109

85 1521 339 1561 quamquam
364 1507 526 1548 animus
551 1507 788 1548 meminisse
813 1507 955 1548 horret
978 1507 1178 1562 luctuque
1203 1508 1370 1564 refugit,

83 1570 292 1624 incipiam.
340 1569 461 1610 fracti
485 1569 594 1611 bello
619 1569 798 1622 fatisque
823 1570 978 1624 repulsi

84 1632 275 1673 ductores
299 1630 510 1680 Danaum,
537 1638 597 1672 tot
619 1631 703 1672 iam
726 1631 964 1672 labentibus
990 1632 1123 1682 annis,

83 1695 212 1735 instar
236 1694 386 1734 montis
413 1708 567 1747 equum
593 1693 732 1734 divina
756 1693 942 1734 Palladis
969 1700 1056 1735 arte

84 1756 304 1798 aedificant
328 1762 522 1809 sectaque
546 1755 738 1796 intexunt
761 1755 895 1797 abiete
921 1763 1075 1797 costas:

83 1826 227 1860 votum
250 1832 324 1873 pro
348 1818 485 1859 reditu
510 1817 723 1866 simulant3
750 1832 799 1858 ea
823 1818 936 1858 fama
961 1825 1151 1873 vagatur.

82 1881 165 1922 huc
189 1881 348 1922 delecta
371 1880 507 1921 virum
531 1880 663 1921 sortiti
688 1894 860 1935 corpora
884 1880 1027 1920 furtim

82 1943 300 1985 includunt
324 1957 447 1984 caeco
472 1942 590 1983 lateri
613 1942 862 1996 penitusque
888 1957 1087 1983 cavernas

82 2006 262 2061 ingentis
287 2012 536 2058 uterumque
561 2011 719 2045 armato
745 2005 873 2045 milite
899 2005 1120 2059 complent.

138 2067 217 2108 Est
240 2067 281 2108 in
307 2073 532 2121 conspectu
555 2066 762 2115 Tenedos,
787 2066 1001 2107 notissima
1025 2066 1138 2107 fama

81 2130 230 2177 insula,
256 2129 370 2170 dives
395 2143 535 2183 opum,
560 2128 720 2169 Priami
745 2128 844 2169 dum
870 2143 1000 2183 regna
1025 2129 1261 2178 manebant,

81 2206 193 2233 nunc
217 2198 378 2232 tantum
402 2191 515 2231 sinus
541 2197 582 2231 et
606 2191 726 2231 statio
751 2191 858 2232 male
882 2191 966 2231 fida
991 2191 1158 2232 carinis:

82 2253 164 2295 huc
188 2268 231 2294 se
255 2253 441 2308 provecti
466 2253 627 2294 deserto
651 2252 693 2293 in
717 2252 836 2293 litore
861 2253 1056 2294 condunt.

82 2331 157 2357 nos
183 2315 333 2357 abiisse
356 2315 435 2356 rati
460 2322 501 2356 et
525 2322 647 2356 vento
672 2315 840 2369 petiisse
864 2315 1081 2370 Mycenas.

84 2393 183 2433 ergo
209 2377 341 2418 onmis
365 2377 491 2432 longo
517 2377 639 2418 solvit
663 2392 706 2418 se
731 2377 910 2418 Teucria
934 2378 1062 2419 luctu.

83 2440 322 2494 panduntur
345 2447 502 2494 portae,
527 2439 645 2480 iuvat
667 2439 726 2480 ire
752 2447 793 2480 et
815 2439 972 2480 Dorica
997 2446 1131 2480 castra

85 2503 352 2554 desertosque
377 2501 516 2542 videre
540 2501 653 2542 locos
678 2501 857 2554 litusque
882 2501 1085 2542 relictum.

84 2563 151 2605 hic
176 2563 389 2618 Dolopum
414 2578 575 2612 manus,
601 2563 668 2605 hic
693 2578 842 2604 saevus
868 2564 1062 2605 tendebat
1088 2564 1288 2614 Achilles,

1461 1393 1502 1423 10

1459 1707 1500 1737 15

1457 2018 1499 2048 20

1456 2325 1497 2356 25
