1628 2847
663 114 804 151 CIBIS.

65 235 147 262 non
171 220 336 276 Libyco
361 220 504 261 molles
529 219 785 275 plauduntur
808 219 971 274 pectine
996 219 1115 261 telae.

63 283 201 324 nullus
225 283 268 324 in
292 298 361 324 ore
385 283 529 333 rubor:
555 282 628 323 ubi
653 282 763 323 enim
786 281 925 330 rubor,
950 282 1088 323 obstat
1111 282 1254 323 amori.

64 351 187 397 atque
211 345 284 385 ubi
308 345 422 386 nulla
445 344 564 385 malis
590 344 743 399 reperit
767 343 918 384 solacia
941 344 1064 385 tantis

63 407 374 461 tabidulamque
399 407 511 447 videt
534 407 619 447 labi
643 421 717 462 per
741 405 899 447 viscera
922 414 1111 455 mortem,

62 482 145 521 quo
169 476 292 510 vocat
314 469 372 510 ire
398 468 527 518 dolor,
554 468 754 523 subigunt
776 482 859 521 quo
885 468 1052 509 tendere
1077 468 1176 518 fata,

61 530 192 571 fertur
217 537 257 572 et
279 530 464 572 horribili
488 545 687 585 praeceps
711 530 923 584 inpellitur
947 538 1096 579 oestro,

61 599 108 633 ut
130 592 272 647 patris,
297 608 322 634 a
345 593 529 641 demens,
555 593 710 634 crinem
735 592 786 633 de
812 592 965 633 vertice
991 599 1150 633 sectum

61 653 287 708 furtimque
312 662 460 710 arguto
486 655 706 696 detonsum
730 654 910 695 mitteret
933 654 1042 695 hosti

62 716 258 770 (namque
282 716 385 759 haec
409 717 597 758 condicio
621 717 795 758 miserae
820 717 1063 771 proponitur
1087 719 1201 770 una),

62 778 148 819 sive
171 778 242 819 illa
264 779 458 834 ignorans
485 779 594 833 (quis
619 794 701 820 non
725 779 861 819 bonus
886 778 1026 819 omnia
1048 779 1166 819 malit

62 840 241 890 credere,
267 856 393 895 quam
418 842 521 883 tanti
546 841 710 883 sceleris
736 842 933 883 damnare
958 842 1138 896 puellam
1148 843 1196 894 Ρ),

61 903 144 944 heu
168 909 306 945 tamen
330 904 493 946 infelix:
519 904 620 957 quid
644 904 755 945 enim
778 903 1044 959 inprudentia
1069 904 1261 959 prodest?

59 965 159 1007 Nise
183 972 313 1020 pater,
339 967 407 1007 cui
431 966 591 1021 direpta
616 966 838 1007 crudeliter
861 967 965 1007 urbe

61 1027 132 1068 vix
156 1027 230 1069 erit
254 1043 338 1069 una
363 1043 488 1083 super
511 1028 630 1070 sedes
655 1028 697 1069 in
722 1028 904 1069 turribus
930 1028 1037 1078 altis,

60 1089 195 1131 fessus
220 1091 293 1130 ubi
318 1097 506 1132 extructo
531 1090 662 1145 possis
689 1091 901 1132 considere
926 1091 1038 1140 nido,

61 1158 106 1193 tu
131 1166 298 1206 quoque
323 1153 411 1194 avis
436 1161 640 1195 metuere:
667 1153 781 1194 dabit
806 1153 880 1193 tibi
906 1153 989 1193 filia
1012 1167 1183 1207 poenas.

59 1214 255 1269 gaudete,
280 1229 303 1256 ο
328 1215 495 1265 celeres,
522 1215 723 1257 subnixae
748 1216 928 1256 nubibus
958 1216 1063 1265 altis,

61 1290 168 1330 quae
194 1292 320 1327 mare,
347 1292 453 1332 quae
479 1278 630 1319 virides
657 1277 780 1319 silvas
804 1278 1005 1331 lucosque
1030 1285 1223 1320 sonantes

59 1338 250 1389 incolitis,
275 1340 470 1394 gaudete,
496 1355 627 1394 vagae
653 1340 915 1394 blandaeque
939 1340 1143 1391 volucres,

60 1415 218 1456 vosque
243 1403 359 1451 adeo,
385 1402 555 1443 humani
580 1410 763 1443 mutatae
788 1402 970 1457 corporis
997 1410 1124 1453 artus,

60 1478 134 1504 vos
161 1478 184 1504 o
211 1464 367 1505 crudeli
391 1464 572 1505 fatorum
596 1465 703 1519 lege,
729 1465 892 1519 puellae

58 1526 303 1575 Dauliades,
328 1527 526 1581 gaudete:
553 1527 665 1567 venit
689 1526 901 1568 carissima
926 1526 1058 1575 vobis,

61 1595 258 1644 cognatos
284 1603 441 1643 augens
466 1604 586 1644 reges
611 1603 916 1642 numerumque
941 1603 1125 1638 suorum,

61 1650 154 1692 ciris
181 1657 221 1692 et
245 1650 332 1705 ipse
356 1658 486 1705 pater.
535 1665 622 1700 vos,
648 1665 672 1692 o
698 1650 977 1705 pulcherrima
1001 1651 1211 1705 quondam

60 1727 245 1768 corpora,
271 1714 482 1755 caeruleas
506 1714 753 1769 praevertite
778 1714 819 1754 in
845 1713 1014 1754 aethera
1037 1713 1183 1763 nubes,

59 1789 143 1830 qua
166 1790 299 1816 novus
325 1776 376 1816 ad
401 1791 598 1830 superum
623 1776 741 1817 sedes
767 1775 992 1816 haliaeetos
1018 1782 1059 1817 et
1082 1790 1164 1829 qua

61 1838 238 1879 candida
263 1853 480 1879 concessos
508 1839 734 1880 adscendet
760 1838 853 1879 ciris
878 1838 1067 1879 honores.

117 1900 292 1954 Iamque
319 1900 421 1941 adeo
447 1901 559 1941 dulci
584 1900 803 1942 devinctus
827 1900 985 1941 lumina
1009 1914 1154 1941 somno

60 1963 188 2004 Nisus
214 1970 302 2003 erat
325 1963 582 2017 vigilumque
607 1964 750 2018 procul
776 1963 962 2004 custodia
985 1962 1128 2017 primis

62 2024 259 2067 excubias
286 2024 445 2065 foribus
472 2024 607 2065 studio
632 2025 814 2066 iactabat
837 2025 962 2074 inani,

62 2102 166 2137 cum,
182 2087 325 2128 furtim
350 2086 474 2128 tacito
500 2087 756 2128 descendens
783 2086 926 2141 Scylla
950 2086 1079 2128 cubili

62 2150 231 2190 auribus
257 2149 424 2190 arrectis
449 2156 653 2190 nocturna
677 2149 839 2191 silentia
864 2156 1040 2204 temptat

64 2220 103 2253 et
127 2211 278 2266 pressis
304 2219 473 2252 tenuem
499 2211 750 2266 singultibus
776 2226 872 2252 aera
897 2218 1047 2266 captat.

63 2283 152 2314 tum
177 2289 377 2328 suspensa
401 2274 544 2314 levans
571 2273 710 2328 digitis
736 2274 911 2329 vestigia
936 2273 1079 2328 primIs

65 2335 274 2390 egreditur
298 2336 492 2389 ferroque
516 2351 663 2376 manus
690 2343 847 2376 armata
872 2336 1030 2377 bidenti

65 2398 219 2450 evolat;
244 2404 287 2438 at
311 2398 503 2452 demptae
529 2397 666 2439 subita
690 2398 732 2438 in
757 2398 976 2439 formidine
1002 2398 1123 2440 vires.

66 2460 274 2501 caeruleas
300 2476 376 2501 sua
400 2460 511 2501 furta
535 2460 649 2515 prius
674 2468 849 2501 testatur
874 2461 928 2501 ad
951 2461 1134 2502 umbras.

64 2537 175 2570 nam,
201 2536 283 2575 qua
308 2537 351 2563 se
376 2522 429 2563 ad
453 2522 634 2576 patrium
659 2523 856 2563 tendebat
882 2523 1027 2564 semita
1051 2523 1191 2572 limen,

65 2584 270 2626 vestibulo
295 2585 338 2625 in
362 2584 531 2626 thalami
557 2584 744 2641 paullum
769 2592 998 2627 remoratur
1023 2593 1062 2627 et
1087 2586 1168 2627 alte

1110 2652 1186 2686 24*

1322 107 1402 150 371

1434 293 1497 323 180

1435 602 1496 633 185

1434 913 1496 944 190

1434 1225 1496 1256 195

1434 1538 1498 1569 200

1435 1850 1498 1881 205

1439 2472 1502 2503 215
