1622 2847
474 749 974 803 AENEIDOS

596 955 787 994 LIBER
814 955 847 994 I.

103 1111 238 1152 Arma
261 1111 478 1164 virumque
503 1125 620 1159 cano,
646 1110 797 1152 Troiae
821 1111 893 1164 qui
918 1111 1076 1166 primus
1102 1111 1156 1153 ab
1180 1111 1260 1153 oris

45 1172 212 1214 Italiam
236 1174 321 1215 fato
347 1174 551 1229 profugus
576 1173 827 1227 Lavinaque
852 1174 966 1215 venit

46 1234 179 1285 litora,
204 1236 382 1278 multum
406 1236 475 1278 ille
501 1243 542 1278 et
565 1236 682 1277 terris
708 1237 883 1277 iactatus
909 1243 951 1278 et
974 1237 1057 1277 alto

45 1297 88 1338 vi
113 1313 309 1353 superum
334 1314 482 1341 saevae
507 1313 734 1340 memorem
759 1298 931 1340 Iunonis
957 1299 1011 1340 ob
1035 1299 1152 1349 iram,

46 1360 177 1401 multa
201 1375 367 1415 quoque
393 1368 434 1402 et
457 1361 567 1403 bello
592 1376 753 1416 passus,
779 1361 879 1401 dum
904 1361 1101 1402 conderet
1123 1361 1271 1403 urbem

45 1421 298 1477 inferretque
324 1423 423 1464 deos
448 1423 586 1473 Latio,
611 1438 744 1478 genus
769 1423 880 1465 unde
905 1423 1107 1464 Latinum

44 1484 286 1539 Albanique
309 1492 447 1540 patres
473 1492 596 1539 atque
622 1485 728 1526 altae
753 1485 917 1527 moenia
941 1485 1113 1527 Romae.

100 1546 241 1596 Effusa,
267 1547 368 1588 mihi
393 1563 539 1589 causas
564 1562 761 1596 memora,
788 1562 871 1601 quo
895 1548 1064 1588 numine
1090 1549 1203 1589 laeso

45 1609 198 1663 quidve
224 1610 367 1651 dolens
392 1610 536 1664 regina
560 1610 684 1651 deum
709 1616 771 1651 tot
794 1611 960 1651 volvere
986 1625 1106 1651 casus

44 1671 250 1727 insignem
274 1672 427 1727 pietate
452 1672 599 1720 virum,
625 1679 686 1713 tot
709 1672 821 1713 adire
846 1672 1008 1714 labores

43 1733 250 1790 inpulerit.
300 1741 493 1778 tantaene
518 1734 664 1775 animis
690 1734 937 1775 caelestibus
962 1734 1073 1775 irae?

100 1795 216 1838 Urbs
241 1797 411 1850 antiqua
434 1796 514 1837 fuit
537 1796 671 1851 (Tyrii
695 1803 866 1838 tenuere
891 1797 1043 1850 coloni)

44 1858 278 1913 Karthago,
304 1859 469 1900 Italiam
495 1866 638 1900 eontra
661 1858 944 1912 Tiberinaque
968 1859 1092 1914 longe

45 1921 161 1969 ostia,
187 1921 302 1963 dives
327 1936 454 1976 opum
478 1921 708 1974 studiisque
733 1921 959 1976 asperrima
982 1921 1098 1962 belli:

45 1998 171 2038 quam
195 1984 302 2025 Iuno
327 1984 458 2025 fertur
482 1984 599 2024 terris
624 1984 758 2038 magis
783 1983 975 2024 omnibus
1000 1998 1127 2024 unam

43 2045 281 2100 posthabita
306 2045 482 2087 coluisse
509 2045 655 2095 Sam03
682 2045 749 2086 hio
772 2045 881 2086 illius
907 2060 1035 2094 arma,

44 2108 111 2149 hie
136 2123 279 2149 currus
303 2108 394 2157 fuit,
420 2108 498 2148 hoe
522 2122 699 2163 regnum
724 2108 801 2149 dea
825 2107 1019 2162 gentibus
1045 2121 1149 2157 esse,

45 2170 163 2224 siqua
186 2170 273 2211 fata
298 2171 447 2219 sinant,
472 2170 555 2211 iam
580 2177 668 2211 tum
692 2169 908 2223 tenditque
931 2169 1142 2222 fovetque.

43 2232 285 2288 progeniem
310 2233 383 2274 sed
408 2233 517 2274 enim
542 2232 724 2273 Troiano
749 2247 773 2273 a
798 2231 1000 2287 sanguine
1026 2231 1121 2272 duci

45 2294 244 2344 audierat,
269 2295 419 2349 Tyrias
444 2295 542 2335 olim
567 2309 673 2348 quae
698 2301 879 2335 verteret
901 2309 1016 2336 arces
1025 2310 1035 2342 3

45 2357 140 2398 hinc
164 2357 364 2412 populum
389 2357 470 2399 late
495 2372 637 2412 regem
664 2356 852 2410 belloque
877 2357 1104 2412 superbum

44 2427 266 2461 venturum
291 2419 452 2461 excidio
477 2419 658 2474 Libyae:
686 2419 744 2460 sie
768 2419 934 2460 volvere
959 2433 1118 2472 pareas.

44 2481 88 2523 id
110 2489 299 2523 metuens
323 2482 555 2536 veterisque
580 2495 739 2522 memor
765 2480 962 2522 Saturnia
985 2481 1097 2529 belli,

44 2545 178 2599 prima
201 2544 313 2598 quod
340 2544 392 2584 ad
416 2544 585 2584 Troiam
610 2558 684 2598 pro
710 2544 814 2584 caris
839 2550 1026 2598 gesserat
1048 2542 1198 2597 Argis:

45 2607 224 2648 necdum
250 2607 373 2648 etiam
399 2621 548 2648 causae
572 2606 725 2647 irarum
752 2606 948 2659 saevique
973 2605 1136 2646 dolores

1442 1371 1462 1401 0⁹!

1422 1683 1463 1713 10

1420 1994 1460 2024 15
