1622 2847
192 121 247 164 84
611 131 654 166 P.
676 130 885 167 VERGILI
909 129 1133 166 MARONIS

193 241 234 275 at
259 233 408 276 chorus
434 235 618 289 aequalis
644 235 848 290 dryadum
874 235 1053 276 clamore
1078 249 1293 289 supremos

102 307 168 338 460
193 297 404 352 inplerunt
427 297 592 346 montis,
619 297 769 338 flerunt
792 297 1061 352 Rhodopeiae
1086 312 1202 339 arces

195 360 362 413 altaque
385 360 586 415 Pangaea
611 368 650 401 et
676 360 805 401 Rhesi
829 360 1042 401 Mavortia
1065 360 1186 401 tellus

195 430 318 475 atque
345 421 479 464 Getae
505 429 628 475 atque
653 422 824 463 Hebrus
850 430 890 464 et
914 422 1061 463 Actias
1086 420 1293 477 Orithyia.

194 484 284 539 ipse
310 498 414 525 cava
437 484 576 525 solans
602 499 776 539 aegrum
801 485 1009 526 testudine
1034 499 1217 526 amorem

194 554 248 594 te,
275 546 406 587 dulcis
432 546 626 595 coniunX,
652 554 693 587 te
718 547 806 588 solo
830 547 872 588 in
897 547 1014 588 litore
1040 561 1193 595 secum,

103 618 168 649 465
195 615 235 650 te
260 608 452 650 veniente
479 608 559 657 die,
584 616 624 649 te
651 609 876 651 decedente
901 609 1088 651 canebat.

194 671 423 712 Taenarias
449 671 572 712 etiam
598 671 754 721 fauces,
780 672 863 713 alta
887 672 992 713 ostia
1016 671 1142 720 Ditis,

196 741 236 775 et
261 733 512 788 caligantem
537 734 658 788 nigra
682 734 902 776 formidine
926 735 1067 776 lucum

196 796 409 850 ingressus
434 795 653 850 manisque
679 797 780 837 adiit
804 811 1029 852 regemque
1053 796 1314 838 tremendum

196 858 418 912 nesciaque
443 857 635 899 humanis
660 859 853 914 precibus
879 874 1168 900 mansuescere
1194 859 1330 900 corda.

106 930 173 960 470
198 928 239 962 at
264 927 391 962 cantu
415 928 645 962 commotae
671 921 800 962 Erebi
825 921 876 963 de
902 922 1070 962 sedibus
1095 921 1186 961 imis

197 983 372 1024 umbrae
397 983 513 1024 ibant
538 991 683 1025 tenues
709 984 1012 1037 simulacraque
1037 985 1129 1025 luce
1155 991 1381 1032 carentum,

198 1060 324 1099 quam
348 1046 480 1086 multa
503 1046 546 1086 in
570 1046 679 1086 foliis
704 1047 844 1087 avium
871 1061 914 1088 se
938 1046 1051 1087 milia
1076 1046 1272 1094 condunt,

198 1108 364 1163 Vesper
388 1108 461 1149 ubi
486 1115 558 1149 aut
582 1108 780 1150 hibernus
806 1109 891 1164 agit
918 1109 969 1149 de
993 1109 1204 1149 montibus
1228 1108 1373 1156 imber,

200 1178 354 1212 matres
381 1177 505 1224 atque
530 1170 607 1211 viri
632 1170 911 1224 defunctaque
937 1186 1110 1226 corpora
1133 1171 1219 1212 vita

109 1241 173 1272 475
199 1233 514 1287 magnanimum
540 1232 725 1282 heroum,
751 1234 868 1288 pueri
894 1234 1177 1288 innuptaeque
1200 1232 1363 1287 puellae

199 1295 465 1351 impositique
490 1296 601 1350 rogis
627 1296 798 1338 iuvenes
825 1304 920 1337 ante
945 1311 1018 1337 ora
1042 1303 1278 1350 parentum3

201 1372 306 1412 quos
333 1358 489 1399 circum
513 1358 635 1399 limus
661 1359 779 1414 niger
804 1366 845 1400 et
870 1358 1066 1399 deformis
1092 1358 1279 1399 harundo

203 1419 353 1475 Cocyti
378 1420 580 1474 tardaque
610 1421 729 1475 palus
755 1421 988 1462 inamabilis
1013 1421 1126 1462 unda

203 1483 347 1538 alligat
372 1491 412 1524 et
436 1483 608 1524 noviens
636 1482 744 1538 Styx
769 1483 971 1525 interfusa
996 1490 1168 1525 coercet.

111 1554 178 1586 480
202 1546 303 1599 quin
328 1545 443 1600 ipsae
469 1553 666 1600 stupuere
691 1546 838 1587 domus
865 1554 988 1600 atque
1013 1546 1158 1587 intima
1181 1545 1277 1586 Leti

202 1609 380 1649 Tartara
404 1608 699 1662 caeruleosque
723 1608 929 1663 implexae
956 1609 1137 1650 crinibus
1163 1622 1322 1662 angues

204 1670 474 1719 Eumenides,
501 1672 718 1725 tenuitque
743 1671 906 1712 inhians
933 1672 1011 1712 tria
1037 1670 1245 1713 Cerberus
1271 1685 1355 1718 ora,

205 1741 329 1787 atquc
355 1733 507 1774 Ixionii
533 1741 656 1774 vento
681 1741 772 1775 rota
797 1734 976 1775 constitit
1002 1734 1125 1774 orbis.

204 1796 371 1848 iamque
397 1795 547 1850 pedem
572 1795 756 1837 referens
782 1811 902 1837 casus
928 1804 1115 1837 evaserat
1139 1795 1272 1837 onmis

115 1867 181 1898 485
206 1858 451 1911 redditaque
476 1857 687 1912 Eurydice
714 1874 883 1913 superas
909 1859 1101 1900 veniebat
1127 1858 1179 1899 ad
1204 1873 1338 1907 auras,

206 1935 314 1976 pone
339 1934 516 1974 sequens
542 1922 739 1974 (namque
765 1921 871 1962 hanc
897 1921 1067 1962 dederat
1090 1920 1341 1974 Proserpina
1365 1920 1532 1975 legem),

208 1998 304 2025 eum
330 1983 468 2024 subita
491 1983 705 2024 incautum
731 1984 941 2025 dementia
966 1984 1073 2038 cepit
1100 1991 1321 2031 amantem,

207 2046 464 2100 ignoscenda
489 2045 672 2099 quidem,
698 2046 849 2087 scirent
875 2047 907 2087 si
933 2046 1148 2100 ignoscere
1174 2060 1336 2086 manes:

209 2107 357 2149 restitit
382 2107 708 2162 Eurydicenque
734 2124 852 2150 suam
877 2109 959 2149 iam
984 2109 1075 2149 luce
1102 2108 1178 2149 sub
1203 2108 1293 2162 ipsa

119 2178 185 2210 490
209 2171 428 2212 immemor
452 2170 533 2212 heu
560 2171 777 2225 victusque
803 2171 928 2212 animi
952 2171 1147 2226 respexit.
1196 2170 1254 2210 ibi
1279 2169 1412 2211 omnis

212 2233 370 2275 effusus
395 2233 513 2274 labor
538 2241 663 2287 atque
686 2234 854 2274 immitis
880 2241 1003 2288 rupta
1026 2232 1190 2287 tyranni

211 2295 380 2337 foedera
404 2303 549 2349 terque
574 2296 716 2351 fragor
740 2296 897 2351 stagnis
923 2296 1087 2337 auditus
1112 2294 1305 2336 Avernis.

211 2358 282 2400 illa
308 2357 418 2411 ‘quis
444 2366 484 2399 et
507 2358 592 2399 me’
624 2359 756 2412 inquit
788 2358 998 2400 ‘miseram
1024 2365 1064 2399 et
1088 2365 1127 2399 te
1152 2357 1343 2412 perdidit,
1370 2356 1559 2412 Orpheu‚

213 2420 307 2475 quis
331 2428 471 2461 tantus
497 2421 636 2461 furor?
661 2436 711 2462 en
737 2421 886 2462 iterum
912 2420 1096 2462 crudelia
1119 2428 1228 2461 retro

123 2490 188 2521 495
213 2483 301 2524 fata
325 2490 474 2524 vocant
501 2483 723 2537 conditque
748 2483 933 2524 natantia
956 2483 1113 2524 lumina
1138 2497 1320 2523 somnus.

214 2545 381 2598 iamque
407 2545 517 2587 vale:
543 2545 653 2587 feror
677 2546 835 2601 ingenti
860 2545 1115 2586 circumdata
1138 2553 1257 2586 nocte

216 2607 504 2664 invalidasque
529 2607 604 2650 tibi
629 2609 816 2657 tendens,
841 2607 923 2650 heu
948 2622 1030 2648 non
1056 2615 1140 2657 tua,
1166 2606 1352 2663 palmas.’
