1660 2847
578 104 832 142 AENEIDOS
855 105 952 140 LIB.
979 106 1062 142 VH.
1415 98 1497 141 227

152 212 225 254 sed
250 212 358 254 ferro
383 211 551 267 ancipiti
575 210 803 252 decernunt
826 216 998 264 atraque
1021 210 1104 252 late
1522 221 1586 252 525

151 275 351 317 horrescit
374 274 523 316 strictis
549 288 668 328 seges
693 272 862 315 ensibus
888 287 1068 326 aeraque
1092 273 1257 328 fulgent

150 337 237 378 sole
259 337 450 379 lacessita
475 343 516 378 et
538 336 675 377 lucem
700 336 779 377 sub
802 335 946 377 nubila
969 335 1142 377 iactant:

150 400 298 441 fluctus
322 399 383 440 uti
407 399 538 454 primo
564 398 699 453 coepit
725 413 821 440 cum
846 397 1056 439 albescere
1082 405 1221 448 vento,

150 461 350 516 paulatim
375 475 466 502 sese
490 460 597 502 tollit
619 475 733 502 mare
758 467 799 502 et
823 459 944 501 altius
969 460 1103 501 undas

151 523 285 578 erigit,
308 522 405 564 inde
428 523 511 563 imo
537 522 751 577 consurgit
775 522 828 563 ad
852 522 1020 563 aethera
1044 523 1188 564 fundo.
1523 533 1588 563 530

150 585 216 626 hio
240 585 400 626 iuvenis
425 585 602 640 primam
626 592 722 626 ante
747 584 877 625 aciem
903 584 1103 626 stridente
1131 584 1295 640 sagitta,

149 654 339 688 natorum
364 647 516 701 Tyrrhi
539 647 675 688 fuerat
699 647 770 700 qui
794 647 1014 695 maximus,
1040 647 1181 696 Almo,

150 709 361 758 sternitur3
388 709 520 750 haesit
544 709 653 750 enim
678 709 757 750 sub
781 716 949 764 gutture
974 708 1126 749 vulnus
1152 716 1191 750 et
1214 709 1322 750 udae

149 771 261 812 vocis
285 771 363 813 iter
387 778 638 825 tenuemque
662 771 830 812 inclusit
853 771 1057 826 sanguine
1082 771 1222 812 vitam.

150 847 321 887 corpora
346 835 477 874 multa
501 834 636 874 virum
662 833 771 874 circa
795 833 1014 886 seniorque
1041 832 1260 883 Galaesus,
1522 843 1586 873 535

149 895 248 936 dum
273 896 366 950 paci
390 896 573 937 medium
599 910 642 937 se
667 895 800 943 offert,
825 896 1076 936 iustissimus
1101 911 1209 937 unus

148 957 219 1010 qui
244 957 322 998 fuit
347 958 630 1011 Ausoniisque
655 958 754 998 olim
780 957 1004 999 ditissimus
1030 958 1157 999 arvis:

147 1019 331 1074 quinque
355 1035 505 1076 greges
529 1021 588 1061 illi
614 1020 841 1068 balantum,
868 1020 995 1073 quina
1019 1020 1211 1061 redibant

148 1090 335 1123 armenta
360 1090 400 1124 et
424 1090 575 1124 terram
600 1090 768 1123 centum
793 1083 981 1124 vertebat
1006 1083 1163 1123 aratris.

202 1145 346 1198 Atque
372 1160 420 1186 ea
443 1160 519 1200 per
543 1159 711 1200 campos
737 1159 871 1198 aequo
898 1145 997 1185 dum
1021 1145 1160 1186 Marte
1187 1151 1399 1200 geruntur,
1522 1154 1586 1184 540

145 1207 336 1261 promissi
362 1207 440 1249 dea
463 1208 575 1248 facta
597 1214 756 1262 potens,
783 1207 856 1248 ubi
881 1208 1084 1262 sanguine
1111 1207 1267 1249 bellum

145 1269 297 1310 imbuit
321 1276 361 1311 et
385 1270 542 1324 primae
568 1270 773 1311 commisit
797 1269 943 1311 funera
966 1285 1146 1325 pugnae,

147 1331 300 1373 deserit
322 1333 572 1387 Hesperiam
596 1339 636 1373 et
661 1332 765 1373 caeli
790 1346 977 1374 convexa
1000 1347 1075 1387 per
1099 1347 1220 1374 auras

145 1393 351 1435 Iunonem
376 1394 524 1436 victrix
549 1394 714 1435 adfatur
739 1408 840 1436 voce
867 1395 1065 1450 superba:

146 1461 232 1506 ‘en,
256 1457 442 1512 perfecta
466 1457 541 1497 tibi
566 1457 674 1498 bello
700 1456 906 1498 discordia
931 1457 1055 1498 tristi:
1520 1466 1584 1496 545

146 1519 226 1569 dic,
250 1519 295 1560 in
319 1520 542 1561 amicitiam
567 1526 714 1561 coeant
738 1526 779 1561 et
802 1519 972 1561 foedera
996 1520 1184 1574 iungant.

145 1582 485 1636 quandoquidem
510 1582 699 1623 Ausonio
724 1582 903 1637 respersi
928 1583 1130 1637 sanguine
1157 1582 1358 1630 Teucros,

144 1645 225 1686 hoo
249 1644 374 1686 etiam
397 1644 460 1685 his
487 1644 651 1693 addam,
677 1652 749 1685 tua
774 1645 807 1685 si
832 1644 931 1685 mihi
957 1652 1069 1686 certa
1093 1645 1304 1685 voluntas:

144 1707 339 1748 finitimas
364 1706 407 1747 in
431 1707 541 1748 bella
564 1707 696 1748 feram
720 1707 955 1747 rumoribus
980 1707 1104 1748 urbes

145 1769 453 1823 accendamque
478 1769 637 1810 animos
662 1769 797 1810 insani
821 1769 972 1810 Martis
998 1783 1150 1817 amore,
1519 1778 1583 1808 550

145 1832 331 1885 undique
355 1839 402 1872 ut
426 1831 578 1872 auxilio
604 1831 790 1880 veniant3
818 1846 1012 1886 spargam
1037 1846 1153 1872 arma
1177 1846 1251 1885 per
1275 1830 1424 1885 agros.'

145 1901 234 1935 tum
259 1900 402 1935 contra
425 1893 531 1934 Iuno
557 1897 777 1935 ‘terrorum
804 1901 844 1934 et
868 1893 1026 1935 fraudis
1051 1894 1217 1935 abunde
1242 1902 1315 1934 est.

146 1963 256 1997 stant
279 1956 377 1997 belli
402 1970 564 2004 causae,
589 1962 800 2010 pugnatur
825 1956 1055 1997 comminus
1080 1956 1218 2004 armis,

146 2033 252 2072 quae
277 2018 361 2059 fors
385 2018 519 2072 prima
544 2018 670 2067 dedit,
696 2018 866 2073 sanguis
891 2033 1025 2059 novus
1049 2018 1197 2058 imbuit
1224 2033 1349 2059 arma.

146 2080 244 2121 talia
268 2080 462 2134 coniugia
485 2086 526 2121 et
549 2080 642 2121 talis
668 2080 878 2121 celebrent
902 2081 1153 2134 hymenaeos
1518 2091 1581 2122 555

147 2142 362 2198 egregium
386 2142 560 2184 Veneris
585 2157 718 2197 genus
744 2149 785 2184 et
807 2157 881 2184 rex
905 2143 994 2197 ipse
1018 2143 1211 2185 Latinus.

146 2212 187 2246 te
212 2219 337 2259 super
361 2204 563 2246 aetherias
589 2219 724 2246 errare
748 2204 938 2246 licentius
964 2220 1086 2246 auras

145 2267 259 2309 haud
282 2273 400 2322 pater
421 2267 490 2309 ille
516 2267 627 2316 velit,
653 2267 804 2308 summi
829 2274 1024 2322 regnator
1049 2266 1235 2322 Olympi.

146 2329 247 2372 cede
271 2329 386 2371 locis.
434 2344 525 2385 ego,
551 2330 671 2384 siqua
695 2345 819 2385 super
842 2330 1011 2372 fortuna
1034 2330 1225 2372 laborum
1250 2337 1325 2379 est,

145 2392 237 2448 ipsa
259 2391 429 2447 regam.'
477 2392 569 2433 talis
594 2392 766 2434 dederat
790 2391 988 2434 Saturnia
1011 2407 1153 2435 voces:
1517 2404 1582 2436 560

144 2455 216 2496 illa
240 2460 378 2495 autem
402 2455 551 2496 attollit
573 2454 782 2496 stridentis
807 2455 1016 2510 anguibus
1041 2455 1141 2505 alas,

147 2515 382 2571 Cocytique
404 2517 506 2572 petit
532 2517 686 2566 sedem,
712 2532 862 2572 supera
887 2518 1017 2559 ardua
1040 2518 1245 2572 linquens.

146 2586 209 2622 est
231 2580 347 2621 locus
370 2579 515 2622 Italiae
540 2580 677 2622 medio
703 2581 780 2621 sub
806 2580 1014 2622 montibus
1041 2581 1146 2631 altis,

1192 2647 1264 2682 152⁴
