1622 2847
563 139 816 176 AENEIDOS
839 140 936 175 LIB.
962 141 1010 176 11.

110 250 154 285 at
177 245 331 299 gemini
354 245 475 300 lapsu
502 244 675 286 delubra
700 245 753 285 ad
778 260 940 286 summa
966 245 1166 287 dracones

110 307 319 362 effugiunt
344 321 576 360 saevaeque
601 313 750 361 petunt
774 307 1000 348 Tritonidis
1026 323 1177 357 arcem,

111 369 189 409 sub
212 369 472 424 pedibusque
498 369 601 410 deae
627 369 830 423 clipeique
857 370 934 410 sub
959 370 1058 411 orbe
1084 376 1294 424 teguntur.

110 436 199 471 tum
224 446 320 472 vero
345 430 588 472 tremefacta
612 446 745 471 novus
771 446 844 486 per
869 439 1038 486 pectora
1063 432 1222 473 cunctis

109 492 292 534 insinuat
314 508 458 548 pavor,
485 500 525 534 et
550 493 684 534 scelus
711 494 955 548 expendisse
980 501 1207 535 merentem

110 554 353 596 Laocoonta
377 555 528 604 ferunt,
554 570 718 596 sacrum
744 556 815 609 qui
841 556 1011 610 cuspide
1036 556 1164 596 robur

109 617 273 658 laeserit
297 624 336 659 et
361 624 478 673 tergo
504 618 746 659 sceleratam
771 617 981 658 intorserit
1004 618 1180 659 hastam.

111 679 348 720 ducendum
374 680 427 720 ad
452 679 570 720 sedes
596 680 862 720 simulacrum
888 680 1128 734 orandaque
1155 680 1275 722 divae

110 741 281 782 numina
306 742 578 783 conclamant.

110 803 331 845 dividimus
357 819 497 845 muros
522 811 564 846 et
587 804 751 845 moenia
775 804 996 859 pandimus
1022 804 1149 845 urbis.

110 866 332 921 accingunt
357 881 501 908 omnes
527 867 642 922 operi
667 866 928 921 pedibusque
953 874 1137 907 rotarum

109 928 319 969 subiciunt
341 930 482 984 lapsus
508 937 547 969 et
573 936 749 984 stuppea
773 929 941 970 vincula
966 930 1071 970 collo

108 991 341 1032 intendunt.
391 991 553 1032 scandit
576 991 713 1032 fatalis
738 991 933 1032 machina
956 1006 1111 1040 murOS‚

108 1053 193 1094 feta
217 1054 354 1095 armis.
403 1054 520 1108 pueri
547 1053 703 1094 circum
727 1054 1014 1108 innuptaeque
1039 1054 1202 1108 puellae

108 1130 226 1157 sacra
251 1122 407 1156 canunt
431 1116 658 1169 funemque
683 1131 811 1156 manu
837 1116 1078 1170 contingere
1105 1115 1301 1170 gaudent.

107 1178 179 1218 illa
203 1178 314 1218 subit
337 1178 582 1231 mediaeque
608 1178 769 1218 minans
795 1178 995 1219 inlabitur
1019 1178 1126 1218 urbi.

108 1255 132 1281 o
157 1240 303 1295 patria,
330 1255 353 1281 ο
379 1240 520 1281 divum
548 1241 695 1281 domus
720 1241 846 1280 Ilium
872 1248 913 1281 et
937 1241 1094 1281 incluta
1119 1240 1227 1282 bello

108 1303 273 1344 moenia
296 1302 608 1344 Dardanidum!
636 1310 782 1356 quater
807 1303 897 1358 ipso
923 1303 964 1343 in
989 1303 1132 1344 limine
1158 1311 1302 1357 portae

109 1365 291 1406 substitit
315 1372 438 1419 atque
464 1374 581 1406 utero
608 1366 789 1406 sonitum
814 1373 960 1419 quater
986 1381 1101 1406 arma
1127 1366 1297 1406 dedere:

107 1428 309 1468 instamus
334 1436 473 1469 tamen
497 1428 744 1469 inmemores
771 1428 966 1481 caecique
991 1427 1132 1469 furore

108 1497 149 1531 et
172 1497 402 1531 monstrum
426 1490 571 1531 infelix
597 1498 756 1531 sacrata
782 1490 963 1531 sistimus
989 1505 1095 1531 arce.

107 1560 207 1594 tunc
232 1553 356 1594 etiam
380 1552 476 1594 fatis
503 1553 634 1607 aperit
661 1551 899 1593 Cassandra
923 1553 1074 1593 futuris

108 1629 192 1663 ora,
218 1615 284 1656 dei
307 1615 423 1656 iussu
447 1629 530 1655 non
555 1629 755 1668 umquam
781 1615 937 1656 credita
962 1615 1149 1656 Teucris.

106 1693 181 1718 nos
207 1677 380 1718 delubra
404 1677 529 1718 deum
553 1677 706 1726 miseri,
733 1677 885 1731 quibus
911 1677 1082 1718 ultimus
1108 1684 1217 1720 esset

106 1741 175 1781 ille
200 1740 300 1788 dies,
326 1740 432 1780 festa
457 1740 643 1780 velamus
669 1740 814 1781 fronde
839 1755 913 1794 per
937 1740 1098 1781 urbem.

165 1802 353 1843 Vertitur
376 1801 534 1843 interea
558 1802 718 1842 caelum
745 1808 783 1842 et
808 1802 890 1842 ruit
915 1800 1088 1843 Oceano
1113 1817 1209 1852 nox,

106 1864 321 1905 involvens
345 1864 494 1905 umbra
518 1879 672 1919 magna
697 1871 931 1917 terramque
957 1865 1185 1919 polumque

107 1927 506 1981 Myrmidonumque
531 1926 646 1967 dolos
655 1943 665 1975 3
691 1927 773 1967 fusi
798 1942 871 1981 per
896 1928 1060 1968 moenia
1085 1927 1238 1968 Teucri

109 1989 354 2037 conticuere,
381 2003 503 2043 sopor
527 1988 659 2030 fessos
685 1989 972 2043 complectitur
997 1997 1123 2030 artus.

108 2058 149 2092 et
171 2052 254 2091 iam
279 2051 441 2106 Argiva
466 2051 647 2105 phalanx
672 2051 882 2091 instructis
908 2051 1085 2091 navibus
1110 2052 1199 2092 ibat

108 2129 132 2154 a
156 2113 342 2162 Tenedo,
368 2113 516 2154 tacitae
541 2128 615 2168 per
640 2114 773 2154 amica
799 2113 960 2154 silentia
983 2114 1107 2155 lunae

107 2176 228 2217 litora
251 2182 350 2216 nota
374 2183 538 2230 petens:
564 2177 750 2216 flammas
777 2190 871 2216 cum
896 2176 1012 2230 regia
1036 2176 1190 2231 puppis

109 2238 324 2286 extulerat,
349 2238 527 2291 fatisque
553 2238 677 2279 deum
702 2238 898 2279 defensus
923 2238 1075 2292 iniquis

107 2301 288 2341 inclusos
313 2306 429 2341 utero
454 2300 627 2341 Danaos
653 2307 693 2341 et
716 2300 840 2355 pinea
863 2301 1005 2341 furtim

107 2363 221 2404 laxat
245 2362 423 2403 claustra
448 2361 593 2404 Sinon.
641 2363 732 2403 illos
758 2363 990 2417 patefactus
1016 2363 1068 2404 ad
1093 2378 1215 2405 auras

107 2424 244 2466 reddit
267 2438 397 2477 equus
421 2424 602 2478 laetique
627 2439 729 2466 cavo
755 2440 798 2466 se
822 2425 971 2466 robore
996 2434 1192 2480 promunt

108 2486 401 2527 Thessandrus
428 2486 734 2540 Sthenelusque
758 2487 885 2528 duces
912 2494 953 2528 et
977 2488 1089 2528 dirus
1115 2487 1278 2539 Ulixes,

109 2549 335 2589 demissum
358 2549 463 2603 lapsi
488 2565 561 2604 per
585 2550 742 2598 funem,
768 2550 1035 2603 Acamasque
1060 2550 1285 2605 Thoasque

108 2610 361 2666 Pelidesque
385 2611 684 2668 Neoptolemus
708 2612 951 2668 primusque
976 2612 1190 2654 Machaon

1175 2679 1228 2716 85(-

1379 127 1461 174 115

1485 250 1549 282 225

1487 563 1552 595 230

1485 876 1550 907 235

1485 1189 1550 1219 240

1484 1500 1548 1531 245

1482 2126 1545 2157 255
