1628 2847
521 114 774 152 AENEIDOS
798 115 895 150 LIB.
920 115 970 150 X.

78 218 248 260 exitium
270 219 427 268 infelix,
451 232 563 259 nunc
587 218 669 260 alte
693 218 844 260 vulnus
869 217 1081 260 adactum!

75 281 186 322 idem
210 296 301 336 ego,
325 288 435 330 nate,
460 287 581 322 tuum
605 281 812 323 maculavi
837 281 1008 323 crimine
1033 295 1199 332 nomen,

76 344 221 398 pulsus
246 344 299 384 ob
322 343 523 385 invidiam
548 343 650 384 solio
676 344 932 398 sceptrisque
957 344 1153 399 paternis.

76 406 301 448 debueram
323 406 480 461 patriae
505 420 661 460 poenas
686 406 874 460 odiisque
899 420 1104 447 meorum:

75 468 207 510 omnis
232 483 305 523 per
328 468 469 509 mortis
495 468 677 510 animam
701 476 861 510 sontem
885 468 973 524 ipse
998 467 1223 511 dedissem!

74 545 185 572 nunc
209 531 304 572 vivo
328 545 464 584 neque
489 530 626 572 adhuc
650 531 838 573 homines
862 531 1084 585 lucemque
1108 532 1311 585 relinquo.

75 593 148 634 sed
171 593 383 646 linquam.'
431 593 553 634 simul
577 592 656 635 hoc
680 593 821 635 dicens
846 593 995 634 attollit
1018 593 1062 635 in
1086 609 1260 649 aegrum

74 670 118 696 se
141 654 278 696 femur
302 662 355 704 et,
380 669 635 709 quamquam
660 656 722 697 vis
747 656 829 697 alto
854 656 1025 697 vulnere
1049 656 1198 705 tardat,

73 717 185 758 haud
210 717 395 759 deiectus
421 732 574 771 equum
599 717 694 759 duci
718 718 846 759 iubet.
894 717 974 759 hoc
999 718 1125 760 decus
1149 718 1222 768 illi,

72 779 151 820 hoc
175 779 359 822 solamen
383 786 484 829 erat,
510 779 628 821 bellis
653 779 732 821 hoc
756 780 888 821 victor
912 779 1055 821 abibat

72 841 276 882 omnibus.
326 842 563 895 adloquitur
585 849 841 884 maerentem
866 849 906 884 et
930 843 1082 883 talibus
1106 842 1214 883 infit:

72 903 277 952 ‘Rhaebe‚
303 904 388 953 diu,
413 919 478 945 res
503 904 622 958 siqua
647 904 718 945 diu
742 904 986 946 mortalibus
1011 905 1097 945 ulla
1121 912 1197 954 est,

71 965 264 1007 viximus.
313 973 384 1007 aut
408 966 531 1008 hodie
556 967 686 1008 victor
710 967 842 1021 spolia
865 966 936 1007 illa
961 974 1132 1008 cruenta

71 1034 113 1068 et
136 1036 262 1083 caput
285 1029 458 1070 Aeneae
482 1029 636 1070 referes
662 1029 878 1082 Lausique
904 1029 1092 1070 dolorum

70 1089 180 1130 ultor
205 1091 283 1131 eris
307 1105 485 1139 mecum,
511 1098 595 1140 aut,
620 1091 754 1146 aperit
777 1091 813 1132 si
836 1091 950 1132 nulla
974 1091 1086 1132 viam
1110 1091 1186 1140 vis,

70 1152 293 1194 occumbes
319 1154 490 1208 pariter:
515 1168 652 1207 neque
677 1154 799 1202 enim,
825 1153 1060 1203 fortissime,
1087 1153 1224 1202 credo,

69 1214 182 1255 iussa
207 1215 340 1256 aliena
364 1215 450 1270 pati
475 1222 516 1257 et
540 1216 728 1257 dominos
753 1216 981 1271 dignabere
1005 1215 1218 1258 Teucros?

70 1275 172 1317 dixit
197 1284 238 1318 et
261 1285 458 1332 exceptus
484 1284 600 1333 tergo
627 1285 826 1319 consueta
849 1278 1003 1319 locavit

69 1339 257 1380 membra
281 1355 512 1394 manusque
537 1341 681 1381 ambas
705 1340 852 1381 iaculis
878 1340 1066 1382 oneravit
1090 1339 1236 1390 acutis,

69 1416 163 1443 aere
189 1409 314 1456 eaput
337 1402 503 1457 fulgens
528 1402 734 1456 cristaque
758 1402 940 1444 hirsutus
966 1403 1130 1456 equina.

69 1463 128 1505 sic
153 1478 321 1505 cursum
344 1465 387 1505 in
410 1464 569 1506 medios
594 1465 763 1518 rapidus
789 1463 915 1506 dedit.
963 1472 1126 1506 aestuat
1149 1465 1297 1521 ingens

68 1540 152 1567 uno
176 1526 215 1567 in
244 1526 367 1568 corde
391 1527 526 1581 pudor
550 1526 762 1580 mixtoque
786 1526 948 1568 insania
972 1527 1100 1569 luctu.

69 1595 194 1642 atque
218 1588 285 1630 hic
308 1589 486 1630 Aenean
509 1604 662 1642 magna
686 1597 748 1630 ter
772 1603 875 1630 voce
898 1589 1076 1631 vocavit.

67 1651 235 1693 Aeneas
261 1651 431 1706 agnovit
454 1650 565 1692 enim
588 1651 807 1704 laetusque
830 1658 1042 1706 precatur:

69 1713 147 1755 ‘sic
170 1721 288 1768 pater
310 1713 379 1754 ille
404 1713 527 1754 deum
551 1713 689 1761 faciat,
715 1713 774 1755 sic
799 1713 906 1754 altus
931 1713 1105 1769 Apollo!

66 1775 240 1830 incipias
266 1774 454 1816 conferre
477 1775 674 1816 manum?

68 1845 230 1879 tantum
255 1837 417 1886 effatus,
443 1844 484 1879 et
506 1837 657 1878 infesta
681 1837 792 1879 subit
816 1838 964 1879 obvius
989 1838 1122 1879 hasta.

66 1901 135 1942 ille
160 1906 299 1941 autem
325 1899 444 1953 ‘quid
468 1914 534 1941 me
559 1906 714 1954 erepto,
741 1899 993 1948 saevissime,
1018 1907 1116 1942 nato

68 1962 221 2005 terres?
244 1961 348 2003 haec
372 1961 440 2002 via
463 1961 552 2003 sola
575 1961 667 2011 fuit,
692 1976 775 2015 qua
798 1962 971 2017 perdere
995 1977 1153 2017 posses.

68 2040 145 2067 nec
168 2030 344 2065 mortem
367 2023 580 2065 horremus
604 2038 682 2065 nec
706 2024 849 2065 divum
872 2024 1081 2079 parcimus
1105 2024 1193 2066 ulli.

69 2087 228 2129 desine:
253 2101 349 2127 nam
375 2086 495 2127 venio
520 2085 744 2127 moriturus
769 2092 810 2127 et
832 2086 936 2127 haec
960 2086 1036 2127 tibi
1060 2093 1179 2141 porto

69 2149 178 2190 dona
201 2148 342 2203 prius.'
391 2148 495 2189 dixit
517 2149 729 2202 telumque
753 2148 916 2190 intorsit
939 2149 983 2190 in
1006 2148 1183 2190 hostem.

68 2211 164 2252 inde
189 2211 302 2252 aliud
326 2226 452 2266 super
476 2218 600 2265 atque
624 2210 738 2252 aliud
761 2211 935 2265 figitque
958 2211 1154 2265 volatque

67 2273 227 2328 ingenti
250 2288 366 2328 gyro,
392 2273 466 2315 sed
489 2273 664 2315 sustinet
687 2288 837 2315 aureus
862 2273 1003 2315 umbo.

68 2343 130 2377 ter
155 2336 309 2377 circum
335 2335 567 2377 adstantem
592 2336 732 2377 laevos
758 2335 960 2389 equitavit
983 2336 1026 2377 in
1051 2336 1186 2386 orbes,

69 2398 150 2439 tela
174 2413 300 2438 manu
323 2398 490 2447 iaciens,
516 2405 578 2440 ter
601 2413 743 2439 secum
767 2398 918 2440 Troius
943 2398 1064 2440 heros

68 2460 278 2501 inmanem
303 2467 440 2502 aerato
466 2460 703 2502 circumfert
724 2461 908 2516 tegmine
932 2461 1093 2502 silvam.

68 2522 164 2563 inde
188 2522 262 2563 ubi
286 2529 347 2563 tot
370 2522 545 2564 traxisse
569 2537 720 2572 moras,
745 2529 806 2563 tot
831 2523 990 2578 spicula
1015 2522 1154 2564 taedet

69 2584 221 2626 vellere
246 2591 287 2626 et
310 2592 482 2640 urgetur
505 2600 649 2642 pugna
674 2599 920 2640 congressus
943 2585 1099 2641 iniqua,

1336 106 1418 149 297

1444 292 1510 323 850

1444 603 1508 635 855

1442 915 1508 946 860

1440 1224 1506 1257 865

1438 1537 1506 1571 870

1438 1849 1503 1881 875

1438 2160 1504 2192 880

1439 2471 1504 2503 885
