1660 2847
88 425 152 456 540

85 736 150 767 545

85 1047 151 1078 550

86 1359 150 1390 555

88 1670 154 1701 560

90 1981 154 2013 565

91 2293 155 2323 570

93 2602 155 2633 575

179 115 263 158 204
592 125 635 160 Ρ.
655 124 866 162 VERGILI
889 126 1114 164 MARONIS

179 235 221 270 et
243 227 327 270 fors
352 243 474 271 omne
499 229 642 270 datum
667 230 876 271 traherent
899 245 973 285 per
997 231 1095 273 talia
1120 238 1302 287 tempus3

179 291 252 331 sed
277 305 414 333 comes
439 292 654 333 admonuit
678 293 941 346 breviterque
966 293 1107 335 adfata
1132 293 1297 348 Sibylla
1319 300 1400 336 est:

178 355 280 393 ‘nox
304 354 398 402 ruit,
423 355 589 402 Aenea3
615 368 689 395 nos
713 355 849 396 flendo
875 355 1064 397 ducimus
1089 356 1222 397 horas.

176 413 244 456 hic
267 415 383 456 locus
409 422 483 465 est,
508 415 635 470 partis
660 416 732 457 ubi
757 432 800 458 se
826 416 892 457 via
915 417 1035 458 findit
1058 417 1100 458 in
1129 418 1292 459 ambas:

176 477 347 518 dextera
372 492 478 530 quae
504 477 615 518 Ditis
640 479 782 533 magni
808 479 885 519 sub
910 480 1073 520 moenia
1097 480 1242 528 tendit,

176 538 255 579 hae
278 539 355 580 iter
380 540 571 593 Elysium
596 541 735 590 nobis3
762 547 803 581 at
827 541 947 582 laeva
972 542 1175 583 malorum

176 609 339 644 exercet
364 616 519 656 poenas
544 609 585 644 et
609 603 662 643 ad
686 603 813 658 impia
837 603 1012 644 Tartara
1036 604 1186 645 mittit.'

175 662 425 718 Deiphobus
451 671 611 706 contra:
638 669 709 706 ‘nc
735 666 862 715 saevi,
888 681 1042 720 magna
1066 666 1275 715 sacerdos3

177 725 402 775 discedam,
429 727 606 781 explebo
631 742 850 768 numerum
876 728 1109 782 reddarque
1133 726 1326 769 tenebris.

174 788 188 828 i
214 788 354 837 decus,
380 788 406 837 i,
431 796 637 838 nostrum3
663 789 903 831 melioribus
928 796 1043 831 utere
1068 790 1191 831 fatis.’

176 857 336 891 tantum
362 850 526 900 effatus,
553 857 594 892 et
616 851 659 891 i'n
684 851 812 892 verbo
838 852 1015 906 vestigia
1039 852 1168 892 torsit.

231 912 419 966 Respicit
443 913 611 954 Aeneas
637 913 774 954 subito
800 921 840 955 et
864 914 942 954 sub
967 929 1070 968 rupe
1094 913 1260 954 sinistra

174 975 339 1015 moenia
362 975 446 1015 lata
470 975 596 1024 videt,
622 975 773 1030 triplici
798 975 1054 1016 circumdata
1079 990 1211 1024 muro,

175 1051 283 1090 quae
307 1037 477 1091 rapidus
502 1037 680 1078 fiammis
705 1037 834 1078 ambit
860 1038 1109 1079 torrentibus
1136 1037 1281 1086 amnis,

175 1099 402 1140 Tartareus
426 1099 705 1155 Phlegethon,
732 1107 980 1154 torquetque
1006 1101 1196 1141 sonantia
1220 1114 1332 1141 saxa.

175 1168 294 1216 porta
319 1161 506 1210 adversa,
532 1162 693 1216 ingens,
720 1163 935 1216 solidoque
961 1163 1182 1204 adamante
1208 1162 1439 1209 columnae,

175 1224 238 1264 vis
262 1230 309 1265 ut
331 1224 446 1265 nulla
470 1224 619 1273 virum,
645 1239 728 1265 non
752 1225 831 1280 ipsi
856 1225 1076 1266 excindere
1101 1225 1210 1266 bollo

177 1286 397 1328 caelicolae
421 1287 604 1335 valeant,
631 1294 711 1328 stat
735 1287 871 1329 ferrea
895 1287 1018 1328 turris
1042 1288 1095 1328 ad
1119 1302 1255 1336 auras,

177 1348 488 1403 Tisiphoneque
515 1349 676 1398 sedens,
702 1350 814 1404 palla
838 1350 1049 1391 succincta
1074 1357 1259 1398 cruenta,

177 1411 429 1452 vestibulum
455 1412 642 1453 exomnis
669 1419 806 1454 servat
830 1419 1054 1466 noctesque
1081 1412 1264 1466 diesque.

176 1472 273 1514 hinc
298 1473 486 1514 exaudiri
510 1474 690 1529 gemitus
716 1481 757 1515 et
782 1489 907 1516 saeva
931 1489 1077 1516 sonare

177 1536 365 1585 verbera,
392 1543 481 1576 tum
505 1536 656 1577 stridor
680 1536 778 1578 ferri
803 1544 1042 1591 tractaeque
1067 1543 1249 1578 catenae.

177 1598 359 1639 constitit
382 1599 550 1639 Aeneas
576 1599 832 1653 strepituque
857 1599 1075 1640 exterritus
1101 1599 1246 1640 haesit.

179 1664 307 1713 ‘quae
331 1661 534 1702 scelerum
559 1660 710 1702 facies?
735 1676 759 1702 o
785 1661 916 1716 virgo,
942 1660 1086 1702 effare:
1112 1660 1318 1714 quibusve

178 1729 381 1777 urgentur
404 1723 574 1777 poenis?
603 1723 695 1776 quis
721 1730 860 1764 tantus
885 1723 1062 1778 plangor
1086 1723 1138 1763 ad
1164 1721 1327 1763 auras?'

180 1791 269 1825 tum
294 1791 409 1825 vates
434 1785 492 1826 sic
518 1798 612 1825 orsa
635 1784 768 1838 loqui:
796 1785 900 1825 ‘dux
924 1785 1078 1826 inclute
1103 1785 1328 1833 Teucrum,

180 1846 284 1886 nulli
307 1845 370 1887 fas
397 1853 510 1887 casto
536 1847 780 1888 sceleratum
806 1846 992 1888 insistere
1017 1847 1161 1888 limen:

180 1908 254 1949 sed
279 1923 345 1949 me
370 1923 465 1949 cum
488 1908 592 1949 lucis
617 1909 778 1949 Hecate
803 1909 1004 1963 praefecit
1028 1908 1223 1957 Avernis,

179 1970 270 2024 ipsa
295 1970 420 2011 deum
444 1984 599 2025 poenas
625 1970 766 2011 docuit
790 1985 947 2025 perque
972 1971 1111 2011 omnia
1135 1970 1265 2012 duxit.

182 2031 367 2074 Gnosius
391 2032 495 2073 haec
520 2032 866 2073 Rhadamanthus
891 2032 1017 2074 habet
1041 2032 1262 2074 durissima
1285 2047 1415 2087 regna

181 2094 439 2149 castigatque
464 2094 661 2148 auditque
687 2095 803 2136 dolos
829 2095 1068 2150 subigitque
1093 2095 1227 2143 fateri,

181 2171 287 2210 quae
312 2156 404 2210 quis
429 2156 542 2211 apud
566 2171 751 2210 superos,
778 2157 888 2197 furto
912 2158 1088 2199 laetatus
1113 2157 1240 2207 inani,

182 2218 340 2259 distulit
362 2219 405 2260 in
430 2233 565 2260 seram
590 2219 812 2260 commissa
835 2219 1000 2273 piacula
1024 2226 1212 2261 mortem.

181 2281 376 2322 continuo
401 2281 530 2322 sontis
555 2280 680 2321 ultrix
705 2281 890 2322 accincta
913 2282 1078 2337 fiagello

180 2342 408 2397 Tisiphone
434 2342 567 2397 quatit
590 2342 793 2384 insultans
820 2350 1042 2398 torvosque
1067 2343 1232 2385 sinistra

180 2405 387 2446 intentans
414 2404 562 2461 anguis
588 2412 709 2446 vocat
733 2406 900 2461 agmina
925 2421 1050 2448 saeva
1074 2420 1274 2447 sororum.

181 2474 270 2508 tum
295 2467 465 2509 demum
489 2467 704 2509 horrisono
729 2468 949 2510 stridentes
975 2468 1141 2509 cardine
1167 2483 1309 2509 sacrae

181 2529 423 2584 panduntur
446 2537 603 2584 portae.
654 2530 787 2572 cernis
814 2530 1002 2572 custodia
1025 2531 1158 2584 qualis

183 2591 388 2634 vestibulo
414 2592 567 2642 sedeat,
593 2592 720 2634 facies
745 2607 853 2647 quae
877 2593 1020 2635 limina
1043 2593 1203 2635 servet?
