1628 2847
240 170 325 214 380
763 181 902 220 CIRIS.
928 182 1069 220 COPA.

150 295 215 326 530
239 284 336 327 huic
361 301 459 328 vero
483 286 672 337 miserae,
697 288 894 342 quoniam
919 288 1115 331 damnata
1139 281 1330 333 deorum*

239 347 405 398 iudicio,
431 350 599 403 natique
625 357 665 391 et
689 351 891 406 coniugis,
918 359 1013 393 ante
1037 351 1196 401 fuisset,

239 409 379 451 infesti
404 411 596 466 adposuit
620 412 761 453 odium
786 413 952 455 crudele
976 415 1171 468 parentis.

238 487 420 527 namque
444 480 492 515 ut
514 474 557 514 in
582 475 764 517 aetherio
790 476 1004 531 signorum
1027 476 1183 518 lumine
1208 484 1435 532 praestanS,

240 549 370 575 unum
395 550 520 589 quem
547 537 702 591 duplici
727 538 941 579 stellarum
966 538 1100 580 sidere
1123 539 1222 588 vidi,

149 607 213 637 535
241 596 437 652 Scorpios
463 599 631 640 alternis
658 600 814 641 clarum
840 600 959 655 fugat
985 599 1158 650 Oriona,

239 659 298 701 sic
321 660 429 701 inter
452 675 543 703 sese
568 662 703 704 tristes
728 662 953 704 haliaeetos
978 663 1059 704 iras

239 729 279 762 et
304 722 397 764 ciris
422 724 595 765 memori
620 732 787 766 servant
811 725 864 766 ad
890 726 1056 767 saecula
1081 725 1180 766 fato.

238 798 502 839 quacumque
526 787 596 828 illa
620 787 754 829 levem
779 787 945 842 fugiens
970 794 1084 829 secat
1108 803 1204 829 aera
1227 788 1377 843 pinnis,

239 861 335 888 ecce
359 847 564 898 inimicus,
589 856 721 898 atrox,
747 865 899 904 magno
925 850 1100 892 stridore
1125 865 1199 905 per
1223 866 1344 891 auras

150 919 214 950 540
238 909 471 963 insequitur
493 912 638 961 Nisus3
665 927 747 966 qua
772 927 815 953 se
841 912 921 953 fert
945 912 1072 953 Nisus
1097 913 1149 954 ad
1174 928 1310 962 auras,

239 971 309 1013 illa
331 972 467 1016 levem
492 973 658 1031 fugiens
683 974 834 1030 raptim
860 982 973 1017 secat
996 990 1092 1016 aera
1116 975 1264 1031 pinnis.

781 1219 1044 1272 OOPA.

241 1347 359 1402 Copa
385 1348 566 1403 Syrisca,
593 1357 717 1404 caput
743 1349 872 1391 Graia
896 1349 1087 1392 redimita
1111 1349 1279 1399 mitella,

296 1411 477 1466 crispum
504 1412 582 1452 sub
608 1413 763 1454 crotalo
789 1413 912 1455 docta
935 1427 1102 1454 movere
1126 1413 1250 1462 latus,

240 1472 355 1514 ebria
378 1474 543 1515 fumosa
568 1475 690 1516 saltat
712 1476 869 1517 lasciva
893 1476 1081 1525 taberna,

295 1536 348 1576 ad
374 1537 560 1578 cubitum
586 1553 733 1579 raucos
759 1539 973 1580 excutiens
999 1538 1198 1580 calamos:

195 1609 214 1638 5
240 1598 362 1651 ‘quid
386 1599 502 1640 iuvat
526 1600 683 1641 aestivo
709 1600 920 1643 defessum
946 1601 1117 1656 pulvere
1142 1600 1302 1642 abisse?

297 1675 423 1714 quam
448 1662 585 1716 potius
610 1663 754 1704 bibulo
781 1663 1031 1705 decubuisse
1056 1663 1163 1704 torol

240 1730 336 1764 sunt
360 1724 494 1766 obbae
520 1726 667 1766 calices
694 1726 847 1780 cyathi,
872 1741 979 1775 rosa,
1004 1726 1117 1773 tibia,
1143 1725 1335 1775 chordae,

297 1793 335 1827 et
361 1787 522 1828 trichila
546 1788 754 1829 umbrosis
780 1789 933 1844 frigida
958 1788 1271 1845 harundinibus.

241 1855 304 1889 est
329 1855 369 1890 et
393 1849 604 1891 Maenalio
630 1865 737 1904 quae
761 1851 891 1905 garrit
915 1851 1035 1892 dulce
1061 1851 1139 1892 sub
1165 1858 1283 1891 antro

176 1923 216 1952 10
297 1912 451 1953 rustica
476 1913 651 1967 pastoris
676 1914 815 1954 fistula
839 1928 952 1955 more
977 1928 1141 1955 sonans.

242 1981 303 2015 est
327 1983 367 2016 et
392 1990 542 2030 vappa,
568 1976 671 2017 cado
696 1991 830 2031 nuper
855 1976 1002 2017 defusa
1026 1976 1176 2031 picato,

298 2044 359 2078 est
384 2038 590 2092 crepitans
616 2053 742 2080 rauco
768 2054 979 2080 murmure
1004 2039 1117 2080 rivus
1143 2053 1290 2092 aquae.

241 2106 338 2140 sunt
362 2106 402 2141 et
427 2099 631 2156 Cecropio
657 2101 790 2143 violae
817 2102 867 2143 de
893 2102 993 2143 flore
1018 2102 1196 2143 corollae

298 2170 491 2217 sertaque
517 2179 728 2218 purpurea
757 2164 870 2205 lutea
894 2164 1024 2205 mixta
1048 2179 1141 2205 rosa

176 2236 215 2266 15
241 2232 283 2266 et
306 2240 413 2279 quae
438 2226 624 2280 virgineo
649 2227 777 2267 libata
802 2227 1000 2268 Achelois
1025 2227 1077 2267 ab
1103 2242 1224 2269 amne

298 2288 383 2329 lilia
408 2288 597 2329 vimineis
623 2289 760 2330 attulit
784 2289 826 2329 in
852 2289 1037 2330 calathis.

242 2358 339 2392 sunt
363 2357 403 2392 et
428 2351 592 2400 caseoli,
617 2366 721 2404 quos
746 2351 882 2406 sirpea
906 2352 1050 2393 fiscina
1074 2352 1213 2402 siccat,

300 2421 397 2455 sunt
420 2414 671 2455 autumnalis
697 2429 816 2456 cerea
839 2430 973 2470 pruna
998 2414 1101 2456 deae

178 2489 216 2518 19
243 2483 545 2530 castaneaeque
570 2491 697 2518 nuces
723 2484 764 2518 et
788 2492 916 2519 suave
940 2476 1133 2518 rubentia
1156 2477 1267 2518 mala

177 2550 218 2580 22
300 2546 338 2581 et
364 2539 549 2594 pendens
575 2539 697 2581 iunco
723 2541 937 2581 caeruleus
963 2539 1148 2581 cucumis
1158 2555 1168 2589 ;

177 2614 215 2644 21
243 2609 340 2643 sunt
364 2608 405 2643 et
429 2616 544 2642 mora
569 2609 740 2643 cruenta
764 2609 805 2643 et
828 2602 950 2644 lentis
976 2618 1058 2643 uva
1083 2602 1271 2651 racemis,

177 2676 218 2708 20
299 2671 362 2709 est
385 2664 451 2707 hic
475 2665 630 2707 munda
657 2663 798 2717 Germ,
825 2672 886 2708 est
913 2666 1058 2715 Amor,
1085 2672 1147 2707 est
1170 2663 1377 2708 Bromius.
