1628 2847
480 125 733 162 AENEIDOS
756 125 853 161 LIB.
877 126 946 163 XI.

45 230 144 286 quin
170 245 248 287 ego
272 246 355 273 non
379 231 459 272 alio
483 230 629 285 digner
654 236 697 271 te
721 229 880 279 funere,
904 229 1039 279 Palla,

45 308 173 347 quam
197 294 290 349 pius
314 295 483 335 Aeneas
508 300 549 335 et
572 307 698 347 quam
723 292 864 347 magni
887 292 1082 348 Phryges
1108 299 1148 334 et
1172 307 1300 346 quam

44 355 333 410 Tyrrhenique
359 355 498 404 duces,
524 355 789 410 Tyrrhenum
815 354 1018 395 exercitus
1044 355 1191 395 omnis.

44 432 198 473 magna
221 425 390 473 tropaea
413 417 566 466 ferunt,
593 431 696 471 quos
723 416 794 457 dat
818 423 889 457 tua
914 416 1086 458 dextera
1109 416 1236 464 Let03

44 485 91 520 tu
114 494 279 534 quoque
302 494 412 521 nunc
437 486 565 521 stares
589 479 766 520 inmanis
792 485 962 519 truncus
987 479 1030 519 in
1055 478 1192 527 armis,

45 549 153 583 esset
176 558 250 597 par
274 549 387 583 aetas
413 548 454 584 et
477 542 588 583 idem
613 542 647 582 si
673 542 799 582 robur
824 542 876 582 ab
902 541 1033 589 annis,

44 604 199 646 Turne.
247 604 320 646 sed
344 604 489 646 infelix
513 604 699 646 Teucros
724 603 825 658 quid
850 603 1040 644 demoror
1065 602 1214 644 armis?

43 667 181 708 vadite
205 673 246 708 et
269 666 372 708 haec
396 681 599 708 memores
624 666 713 722 regi
737 666 934 706 mandata
957 665 1127 706 referte:

44 729 157 782 quod
179 729 306 770 vitam
330 744 469 770 moror
492 729 682 778 invisam,
705 728 896 770 Pallante
921 734 1148 782 perempto,

44 791 214 833 dextera
238 806 364 833 causa
388 799 460 832 tua
485 799 560 841 est,
586 791 776 832 Turnum
801 797 1012 844 gnatoque
1037 790 1231 844 patrique

42 867 168 906 quam
192 854 344 896 debere
367 854 497 896 vides.
545 853 701 895 meritis
726 859 848 894 vacat
871 852 938 893 hic
963 852 1038 893 tibi
1063 852 1176 893 solus

41 915 315 970 fortunaeque
339 916 467 957 locus.
515 930 598 957 non
622 916 733 957 vitae
757 915 912 970 gaudia
936 928 1090 967 quaero

41 980 136 1031 (nec
160 978 253 1028 fas),
280 978 354 1020 sed
377 985 504 1033 gnato
529 977 662 1018 manis
688 977 871 1032 perferre
898 977 975 1017 sub
999 976 1130 1017 imos.’

98 1041 266 1081 Aurora
289 1040 448 1082 interea
471 1040 630 1081 miseris
654 1039 899 1080 mortalibus
924 1038 1077 1080 almam

42 1103 247 1144 extulerat
270 1104 418 1152 lucem,
444 1103 629 1143 referens
654 1116 781 1156 opera
806 1108 930 1155 atque
955 1101 1138 1142 labores:

40 1165 123 1206 iam
147 1172 264 1219 pater
288 1166 472 1214 Aeneas,
496 1165 580 1205 iam
606 1178 733 1206 curvo
757 1163 800 1205 in
823 1164 942 1204 litore
966 1163 1161 1204 Tarchon

42 1228 290 1270 constituere
315 1243 453 1283 pyras.
501 1227 584 1268 huc
608 1241 783 1282 corpora
807 1225 983 1280 quisque
1008 1240 1178 1266 suorum

41 1305 156 1332 more
180 1290 312 1332 tulere
336 1296 516 1345 patrum,
541 1288 822 1341 subiectisque
846 1287 1015 1343 ignibus
1040 1287 1138 1328 atris

42 1352 233 1394 conditur
256 1352 299 1393 in
323 1352 516 1394 tenebras
542 1352 671 1393 altum
697 1350 874 1405 caligine
901 1349 1076 1390 eaelum.

41 1420 105 1456 ter
128 1414 284 1456 circum
308 1429 504 1456 accensos
530 1413 653 1455 cincti
677 1412 936 1468 fulgentibus
963 1411 1087 1452 armis

42 1476 261 1519 decurrere
285 1491 422 1532 rogos,
447 1482 511 1517 ter
534 1482 740 1517 maestum
764 1474 922 1516 funeris
947 1474 1088 1528 ignem

41 1539 270 1581 lustravere
293 1538 336 1580 in
361 1538 479 1592 equis
504 1537 772 1591 ululatusque
797 1551 868 1578 ore
893 1536 1057 1578 dedere.

41 1601 251 1657 spargitur
274 1608 316 1643 et
339 1601 462 1642 tellus
486 1600 680 1649 lacrimis,
707 1607 961 1655 sparguntur
985 1606 1027 1640 et
1050 1614 1176 1639 arma.

40 1663 74 1705 it
98 1663 212 1705 caelo
237 1663 477 1717 clamorque
501 1663 637 1703 virum
662 1663 916 1716 clangorque
941 1661 1148 1702 tubarum.

0 1767 1 1782 1
41 1725 108 1768 hic
132 1725 202 1767 alii
226 1726 358 1781 spolia
382 1724 527 1767 occisis
553 1725 726 1779 derepta
749 1724 914 1765 Latinis

0 1786 1 1795 ¹
42 1787 253 1830 coniciunt
275 1787 377 1843 igni,
402 1787 543 1843 galeas
569 1801 773 1841 ensesque
798 1786 970 1828 decoros

40 1851 243 1904 frenaque
266 1849 548 1903 ferventisque
571 1856 697 1898 rotas,
722 1864 818 1903 pars
843 1863 1018 1890 munera
1041 1855 1153 1898 nota,

41 1913 228 1968 ipsorum
253 1912 407 1967 clipeos
433 1918 474 1953 et
495 1926 580 1952 non
604 1911 742 1953 felicia
766 1912 860 1953 tela.

42 1976 174 2016 multa
197 1975 325 2016 boum
350 1974 460 2016 cirea
483 1981 717 2015 mactantur
742 1988 915 2029 corpora
939 1973 1083 2022 Morti,

43 2037 352 2092 saetigerosque
377 2051 472 2078 sues
496 2043 719 2091 raptasque
745 2051 796 2077 ex
822 2035 1014 2077 omnibus
1040 2036 1150 2091 agris

41 2100 85 2141 in
108 2099 319 2140 flammam
341 2099 533 2153 iugulant
556 2098 751 2153 pecudes.
800 2104 889 2139 tum
914 2097 1034 2138 litore
1059 2104 1144 2138 toto

42 2161 223 2204 ardentis
248 2167 439 2216 spectant
461 2160 595 2201 socios
621 2166 886 2213 semustaque
913 2167 1081 2201 servant

41 2224 168 2265 busta
190 2237 326 2277 neque
351 2223 475 2264 avelli
498 2230 684 2277 possunt,
710 2237 793 2263 nox
817 2222 960 2263 umida
985 2223 1115 2264 donec

43 2286 209 2327 invertit
233 2286 396 2327 caelum
419 2285 547 2326 stellis
573 2285 814 2326 ardentibus
839 2292 995 2339 aptum.

100 2348 192 2390 Nec
216 2348 351 2389 minus
378 2354 419 2390 et
442 2347 582 2389 miseri
607 2348 771 2389 diversa
794 2348 836 2388 in
861 2354 978 2402 parte
1002 2346 1146 2388 Latini

43 2411 282 2453 innumeras
308 2418 493 2452 struxere
516 2426 641 2466 pyras
666 2417 708 2451 et
732 2425 905 2465 corpora
928 2410 1078 2465 partim

43 2474 175 2514 multa
199 2473 334 2514 virum
358 2480 492 2514 terrae
516 2472 729 2514 infodiunt
752 2479 980 2526 avectaque
1006 2472 1157 2527 partim

44 2535 240 2576 finitimos
265 2534 415 2576 tollunt
436 2535 481 2577 in
505 2550 630 2590 agros
655 2535 834 2589 urbique
858 2535 1086 2584 remittunt,

46 2605 184 2640 cetera
207 2597 490 2651 confusaeque
513 2597 727 2652 ingentem
753 2596 891 2638 caedis
917 2612 1111 2639 acervum

1307 117 1389 160 303

1416 302 1477 332 170

1415 612 1478 643 175

1418 925 1481 956 180

1419 1236 1481 1267 185

1418 1546 1482 1578 190

1419 1858 1481 1890 195

1417 2172 1482 2203 200

1418 2482 1481 2513 205
