<?xml version="1.0" encoding="UTF-8"?>
<!DOCTYPE html PUBLIC "-//W3C//DTD XHTML 1.0 Transitional//EN"
    "http://www.w3.org/TR/xhtml1/DTD/xhtml1-transitional.dtd">
<html xmlns="http://www.w3.org/1999/xhtml" xml:lang="en" lang="en">
 <head>
  <title>
</title>
<meta http-equiv="Content-Type" content="text/html;charset=utf-8" />
  <meta name='ocr-system' content='tesseract 3.04.00' />
  <meta name='ocr-capabilities' content='ocr_page ocr_carea ocr_par ocr_line ocrx_word'/>
</head>
<body>
  <div class='ocr_page' id='page_1' title='image "./carmina00virguoft_0262.png"; bbox 0 0 1660 2847; ppageno 0'>
   <div class='ocr_carea' id='block_1_1' title="bbox 98 390 161 420">
    <p class='ocr_par' dir='ltr' id='par_1_1' title="bbox 98 390 161 420">
     <span class='ocr_line' id='line_1_1' title="bbox 98 390 161 420; baseline 0 0"><span class='ocrx_word' id='word_1_1' title='bbox 98 390 161 420; x_wconf 84' lang='lat'>305</span> 
     </span>
    </p>
   </div>
   <div class='ocr_carea' id='block_1_2' title="bbox 97 700 161 731">
    <p class='ocr_par' dir='ltr' id='par_1_2' title="bbox 97 700 161 731">
     <span class='ocr_line' id='line_1_2' title="bbox 97 700 161 731; baseline 0.031 -2"><span class='ocrx_word' id='word_1_2' title='bbox 97 700 161 731; x_wconf 88' lang='grc'>310</span> 
     </span>
    </p>
   </div>
   <div class='ocr_carea' id='block_1_3' title="bbox 96 1013 159 1043">
    <p class='ocr_par' dir='ltr' id='par_1_3' title="bbox 96 1013 159 1043">
     <span class='ocr_line' id='line_1_3' title="bbox 96 1013 159 1043; baseline 0.016 -1"><span class='ocrx_word' id='word_1_3' title='bbox 96 1013 159 1043; x_wconf 84' lang='grc'>315</span> 
     </span>
    </p>
   </div>
   <div class='ocr_carea' id='block_1_4' title="bbox 95 1325 159 1356">
    <p class='ocr_par' dir='ltr' id='par_1_4' title="bbox 95 1325 159 1356">
     <span class='ocr_line' id='line_1_4' title="bbox 95 1325 159 1356; baseline 0.031 -2"><span class='ocrx_word' id='word_1_4' title='bbox 95 1325 159 1356; x_wconf 83' lang='grc'>320</span> 
     </span>
    </p>
   </div>
   <div class='ocr_carea' id='block_1_5' title="bbox 94 1637 157 1668">
    <p class='ocr_par' dir='ltr' id='par_1_5' title="bbox 94 1637 157 1668">
     <span class='ocr_line' id='line_1_5' title="bbox 94 1637 157 1668; baseline 0.016 -1"><span class='ocrx_word' id='word_1_5' title='bbox 94 1637 157 1668; x_wconf 84' lang='grc'>325</span> 
     </span>
    </p>
   </div>
   <div class='ocr_carea' id='block_1_6' title="bbox 94 1949 159 1981">
    <p class='ocr_par' dir='ltr' id='par_1_6' title="bbox 94 1949 159 1981">
     <span class='ocr_line' id='line_1_6' title="bbox 94 1949 159 1981; baseline -0.031 0"><span class='ocrx_word' id='word_1_6' title='bbox 94 1949 159 1981; x_wconf 89' lang='grc'>330</span> 
     </span>
    </p>
   </div>
   <div class='ocr_carea' id='block_1_7' title="bbox 96 2262 159 2294">
    <p class='ocr_par' dir='ltr' id='par_1_7' title="bbox 96 2262 159 2294">
     <span class='ocr_line' id='line_1_7' title="bbox 96 2262 159 2294; baseline -0.016 0"><span class='ocrx_word' id='word_1_7' title='bbox 96 2262 159 2294; x_wconf 88' lang='lat'>335</span> 
     </span>
    </p>
   </div>
   <div class='ocr_carea' id='block_1_8' title="bbox 191 139 1119 188">
    <p class='ocr_par' dir='ltr' id='par_1_8' title="bbox 191 139 1119 188">
     <span class='ocr_line' id='line_1_8' title="bbox 191 139 1119 188; baseline -0.001 0"><span class='ocrx_word' id='word_1_8' title='bbox 191 139 270 188; x_wconf 81' lang='lat'>198</span> <span class='ocrx_word' id='word_1_9' title='bbox 597 149 871 186; x_wconf 81' lang='lat' dir='ltr'>P.VERG1L1</span> <span class='ocrx_word' id='word_1_10' title='bbox 895 150 1119 187; x_wconf 74' lang='lat' dir='ltr'>MARoMs</span> 
     </span>
    </p>
   </div>
   <div class='ocr_carea' id='block_1_9' title="bbox 183 254 1393 1241">
    <p class='ocr_par' dir='ltr' id='par_1_9' title="bbox 187 254 1117 310">
     <span class='ocr_line' id='line_1_9' title="bbox 187 254 1117 310; baseline 0.001 -14"><span class='ocrx_word' id='word_1_11' title='bbox 187 261 229 296; x_wconf 85' lang='lat' dir='ltr'>et</span> <span class='ocrx_word' id='word_1_12' title='bbox 250 254 489 309; x_wconf 85' lang='lat' dir='ltr'>ferruginea</span> <span class='ocrx_word' id='word_1_13' title='bbox 514 254 732 296; x_wconf 83' lang='lat' dir='ltr'>subvectat</span> <span class='ocrx_word' id='word_1_14' title='bbox 756 268 929 310; x_wconf 88' lang='lat' dir='ltr'>corpora</span> <span class='ocrx_word' id='word_1_15' title='bbox 953 255 1117 305; x_wconf 85' lang='lat' dir='ltr'>cumba,</span> 
     </span>
    </p>

    <p class='ocr_par' dir='ltr' id='par_1_10' title="bbox 188 316 1279 372">
     <span class='ocr_line' id='line_1_10' title="bbox 188 316 1279 372; baseline 0.002 -14"><span class='ocrx_word' id='word_1_16' title='bbox 188 317 272 358; x_wconf 88' lang='lat' dir='ltr'>iam</span> <span class='ocrx_word' id='word_1_17' title='bbox 296 317 445 366; x_wconf 87' lang='lat' dir='ltr'>senior,</span> <span class='ocrx_word' id='word_1_18' title='bbox 470 317 544 359; x_wconf 87' lang='lat' dir='ltr'>sed</span> <span class='ocrx_word' id='word_1_19' title='bbox 569 317 697 358; x_wconf 87' lang='lat' dir='ltr'>cruda</span> <span class='ocrx_word' id='word_1_20' title='bbox 721 316 799 358; x_wconf 90' lang='lat' dir='ltr'>deo</span> <span class='ocrx_word' id='word_1_21' title='bbox 824 316 1049 372; x_wconf 90' lang='lat' dir='ltr'>viridisque</span> <span class='ocrx_word' id='word_1_22' title='bbox 1074 325 1279 360; x_wconf 88' lang='lat' dir='ltr'>senectus.</span> 
     </span>
    </p>

    <p class='ocr_par' dir='ltr' id='par_1_11' title="bbox 187 379 1128 434">
     <span class='ocr_line' id='line_1_11' title="bbox 187 379 1128 434; baseline 0.001 -14"><span class='ocrx_word' id='word_1_23' title='bbox 187 379 269 421; x_wconf 91' lang='lat' dir='ltr'>huc</span> <span class='ocrx_word' id='word_1_24' title='bbox 294 380 427 420; x_wconf 87' lang='lat' dir='ltr'>omnis</span> <span class='ocrx_word' id='word_1_25' title='bbox 452 379 575 420; x_wconf 89' lang='lat' dir='ltr'>turba</span> <span class='ocrx_word' id='word_1_26' title='bbox 598 379 651 420; x_wconf 89' lang='lat' dir='ltr'>ad</span> <span class='ocrx_word' id='word_1_27' title='bbox 675 379 785 434; x_wconf 84' lang='lat' dir='ltr'>ripas</span> <span class='ocrx_word' id='word_1_28' title='bbox 811 379 945 421; x_wconf 84' lang='lat' dir='ltr'>effusa</span> <span class='ocrx_word' id='word_1_29' title='bbox 968 381 1128 430; x_wconf 87' lang='lat' dir='ltr'>ruebat,</span> 
     </span>
    </p>

    <p class='ocr_par' dir='ltr' id='par_1_12' title="bbox 185 441 1352 683">
     <span class='ocr_line' id='line_1_12' title="bbox 185 441 1214 497; baseline 0.001 -14"><span class='ocrx_word' id='word_1_30' title='bbox 185 450 337 483; x_wconf 86' lang='lat' dir='ltr'>matres</span> <span class='ocrx_word' id='word_1_31' title='bbox 363 449 486 495; x_wconf 88' lang='lat' dir='ltr'>atque</span> <span class='ocrx_word' id='word_1_32' title='bbox 511 441 601 490; x_wconf 90' lang='lat' dir='ltr'>viri,</span> <span class='ocrx_word' id='word_1_33' title='bbox 627 441 907 495; x_wconf 87' lang='lat' dir='ltr'>defunctaque</span> <span class='ocrx_word' id='word_1_34' title='bbox 932 456 1104 497; x_wconf 84' lang='lat' dir='ltr'>corpora</span> <span class='ocrx_word' id='word_1_35' title='bbox 1129 443 1214 484; x_wconf 89' lang='lat' dir='ltr'>vita</span> 
     </span>
     <span class='ocr_line' id='line_1_13' title="bbox 186 503 1352 559; baseline 0.001 -15"><span class='ocrx_word' id='word_1_36' title='bbox 186 503 503 559; x_wconf 83' lang='lat' dir='ltr'>magnanimum</span> <span class='ocrx_word' id='word_1_37' title='bbox 527 503 712 552; x_wconf 89' lang='lat' dir='ltr'>heroum,</span> <span class='ocrx_word' id='word_1_38' title='bbox 739 504 857 558; x_wconf 88' lang='lat' dir='ltr'>pueri</span> <span class='ocrx_word' id='word_1_39' title='bbox 881 504 1163 559; x_wconf 81' lang='lat' dir='ltr'>innuptaeque</span> <span class='ocrx_word' id='word_1_40' title='bbox 1189 504 1352 559; x_wconf 85' lang='lat' dir='ltr'>puellae</span> 
     </span>
     <span class='ocr_line' id='line_1_14' title="bbox 185 565 1255 621; baseline 0.001 -16"><span class='ocrx_word' id='word_1_41' title='bbox 185 566 450 620; x_wconf 84' lang='lat' dir='ltr'>impositique</span> <span class='ocrx_word' id='word_1_42' title='bbox 475 565 587 619; x_wconf 88' lang='lat' dir='ltr'>rogis</span> <span class='ocrx_word' id='word_1_43' title='bbox 612 565 783 607; x_wconf 87' lang='lat' dir='ltr'>iuvenes</span> <span class='ocrx_word' id='word_1_44' title='bbox 809 572 902 607; x_wconf 86' lang='lat' dir='ltr'>ante</span> <span class='ocrx_word' id='word_1_45' title='bbox 928 581 999 607; x_wconf 88' lang='lat' dir='ltr'>ora</span> <span class='ocrx_word' id='word_1_46' title='bbox 1023 575 1255 621; x_wconf 84' lang='lat' dir='ltr'>parentum,</span> 
     </span>
     <span class='ocr_line' id='line_1_15' title="bbox 187 627 1224 683; baseline 0.002 -15"><span class='ocrx_word' id='word_1_47' title='bbox 187 642 312 681; x_wconf 88' lang='lat' dir='ltr'>quam</span> <span class='ocrx_word' id='word_1_48' title='bbox 338 628 469 668; x_wconf 88' lang='lat' dir='ltr'>multa</span> <span class='ocrx_word' id='word_1_49' title='bbox 493 627 536 668; x_wconf 91' lang='lat' dir='ltr'>in</span> <span class='ocrx_word' id='word_1_50' title='bbox 561 627 675 668; x_wconf 89' lang='lat' dir='ltr'>silvis</span> <span class='ocrx_word' id='word_1_51' title='bbox 701 628 888 669; x_wconf 84' lang='lat' dir='ltr'>autumni</span> <span class='ocrx_word' id='word_1_52' title='bbox 913 628 1066 682; x_wconf 83' lang='lat' dir='ltr'>frigore</span> <span class='ocrx_word' id='word_1_53' title='bbox 1092 629 1224 683; x_wconf 86' lang='lat' dir='ltr'>primo</span> 
     </span>
    </p>

    <p class='ocr_par' dir='ltr' id='par_1_13' title="bbox 183 689 1392 993">
     <span class='ocr_line' id='line_1_16' title="bbox 184 689 1329 746; baseline 0.002 -16"><span class='ocrx_word' id='word_1_54' title='bbox 184 691 302 745; x_wconf 87' lang='lat' dir='ltr'>lapsa</span> <span class='ocrx_word' id='word_1_55' title='bbox 327 690 481 731; x_wconf 90' lang='lat' dir='ltr'>cadunt</span> <span class='ocrx_word' id='word_1_56' title='bbox 504 689 605 731; x_wconf 89' lang='lat' dir='ltr'>folia</span> <span class='ocrx_word' id='word_1_57' title='bbox 629 696 701 731; x_wconf 85' lang='lat' dir='ltr'>aut</span> <span class='ocrx_word' id='word_1_58' title='bbox 725 690 778 731; x_wconf 88' lang='lat' dir='ltr'>ad</span> <span class='ocrx_word' id='word_1_59' title='bbox 803 697 953 731; x_wconf 86' lang='lat' dir='ltr'>terram</span> <span class='ocrx_word' id='word_1_60' title='bbox 978 692 1144 746; x_wconf 82' lang='lat' dir='ltr'>gurgite</span> <span class='ocrx_word' id='word_1_61' title='bbox 1169 691 1221 732; x_wconf 88' lang='lat' dir='ltr'>ab</span> <span class='ocrx_word' id='word_1_62' title='bbox 1247 691 1329 732; x_wconf 88' lang='lat' dir='ltr'>alto</span> 
     </span>
     <span class='ocr_line' id='line_1_17' title="bbox 186 752 1392 808; baseline 0.002 -16"><span class='ocrx_word' id='word_1_63' title='bbox 186 767 311 806; x_wconf 88' lang='lat' dir='ltr'>quam</span> <span class='ocrx_word' id='word_1_64' title='bbox 336 752 491 793; x_wconf 90' lang='lat' dir='ltr'>multae</span> <span class='ocrx_word' id='word_1_65' title='bbox 516 753 798 805; x_wconf 82' lang='lat' dir='ltr'>glomerantur</span> <span class='ocrx_word' id='word_1_66' title='bbox 822 767 934 802; x_wconf 88' lang='lat' dir='ltr'>aves,</span> <span class='ocrx_word' id='word_1_67' title='bbox 959 753 1033 793; x_wconf 91' lang='lat' dir='ltr'>ubi</span> <span class='ocrx_word' id='word_1_68' title='bbox 1057 753 1233 808; x_wconf 84' lang='lat' dir='ltr'>frigidus</span> <span class='ocrx_word' id='word_1_69' title='bbox 1259 768 1392 795; x_wconf 86' lang='lat' dir='ltr'>annus</span> 
     </span>
     <span class='ocr_line' id='line_1_18' title="bbox 185 814 1229 869; baseline 0.001 -14"><span class='ocrx_word' id='word_1_70' title='bbox 185 821 298 855; x_wconf 87' lang='lat' dir='ltr'>trans</span> <span class='ocrx_word' id='word_1_71' title='bbox 322 821 497 868; x_wconf 90' lang='lat' dir='ltr'>pontum</span> <span class='ocrx_word' id='word_1_72' title='bbox 521 814 642 869; x_wconf 87' lang='lat' dir='ltr'>fugat</span> <span class='ocrx_word' id='word_1_73' title='bbox 666 822 706 855; x_wconf 89' lang='lat' dir='ltr'>et</span> <span class='ocrx_word' id='word_1_74' title='bbox 730 814 850 856; x_wconf 84' lang='lat' dir='ltr'>terris</span> <span class='ocrx_word' id='word_1_75' title='bbox 875 815 1044 855; x_wconf 84' lang='lat' dir='ltr'>inmittit</span> <span class='ocrx_word' id='word_1_76' title='bbox 1068 815 1229 869; x_wconf 82' lang='lat' dir='ltr'>apricis.</span> 
     </span>
     <span class='ocr_line' id='line_1_19' title="bbox 186 876 1181 930; baseline 0 -13"><span class='ocrx_word' id='word_1_77' title='bbox 186 877 352 917; x_wconf 88' lang='lat' dir='ltr'>stabant</span> <span class='ocrx_word' id='word_1_78' title='bbox 375 884 539 918; x_wconf 88' lang='lat' dir='ltr'>orantes</span> <span class='ocrx_word' id='word_1_79' title='bbox 564 876 686 930; x_wconf 91' lang='lat' dir='ltr'>primi</span> <span class='ocrx_word' id='word_1_80' title='bbox 711 877 988 918; x_wconf 88' lang='lat' dir='ltr'>transmittere</span> <span class='ocrx_word' id='word_1_81' title='bbox 1014 892 1181 918; x_wconf 89' lang='lat' dir='ltr'>cursum</span> 
     </span>
     <span class='ocr_line' id='line_1_20' title="bbox 183 938 1212 993; baseline 0 -14"><span class='ocrx_word' id='word_1_82' title='bbox 183 939 491 991; x_wconf 84' lang='lat' dir='ltr'>tendebantque</span> <span class='ocrx_word' id='word_1_83' title='bbox 516 953 663 979; x_wconf 89' lang='lat' dir='ltr'>manus</span> <span class='ocrx_word' id='word_1_84' title='bbox 689 939 804 993; x_wconf 84' lang='lat' dir='ltr'>ripae</span> <span class='ocrx_word' id='word_1_85' title='bbox 830 938 1034 979; x_wconf 87' lang='lat' dir='ltr'>ulterioris</span> <span class='ocrx_word' id='word_1_86' title='bbox 1060 953 1212 979; x_wconf 87' lang='lat' dir='ltr'>amore.</span> 
     </span>
    </p>

    <p class='ocr_par' dir='ltr' id='par_1_14' title="bbox 183 1000 1251 1055">
     <span class='ocr_line' id='line_1_21' title="bbox 183 1000 1251 1055; baseline -0.001 -13"><span class='ocrx_word' id='word_1_87' title='bbox 183 1002 325 1042; x_wconf 88' lang='lat' dir='ltr'>navita</span> <span class='ocrx_word' id='word_1_88' title='bbox 350 1001 423 1043; x_wconf 89' lang='lat' dir='ltr'>sed</span> <span class='ocrx_word' id='word_1_89' title='bbox 447 1000 575 1041; x_wconf 85' lang='lat' dir='ltr'>tristis</span> <span class='ocrx_word' id='word_1_90' title='bbox 600 1015 712 1041; x_wconf 92' lang='lat' dir='ltr'>nunc</span> <span class='ocrx_word' id='word_1_91' title='bbox 737 1001 811 1041; x_wconf 89' lang='lat' dir='ltr'>hos</span> <span class='ocrx_word' id='word_1_92' title='bbox 837 1015 949 1041; x_wconf 92' lang='lat' dir='ltr'>nunc</span> <span class='ocrx_word' id='word_1_93' title='bbox 974 1000 1122 1055; x_wconf 88' lang='lat' dir='ltr'>accipit</span> <span class='ocrx_word' id='word_1_94' title='bbox 1147 1000 1251 1049; x_wconf 83' lang='lat' dir='ltr'>illos,</span> 
     </span>
    </p>

    <p class='ocr_par' dir='ltr' id='par_1_15' title="bbox 184 1062 1088 1117">
     <span class='ocr_line' id='line_1_22' title="bbox 184 1062 1088 1117; baseline -0.001 -13"><span class='ocrx_word' id='word_1_95' title='bbox 184 1070 248 1104; x_wconf 85' lang='lat' dir='ltr'>ast</span> <span class='ocrx_word' id='word_1_96' title='bbox 272 1063 373 1104; x_wconf 89' lang='lat' dir='ltr'>alios</span> <span class='ocrx_word' id='word_1_97' title='bbox 398 1063 520 1117; x_wconf 87' lang='lat' dir='ltr'>longe</span> <span class='ocrx_word' id='word_1_98' title='bbox 546 1062 759 1103; x_wconf 88' lang='lat' dir='ltr'>submotos</span> <span class='ocrx_word' id='word_1_99' title='bbox 784 1069 897 1104; x_wconf 90' lang='lat' dir='ltr'>arcet</span> <span class='ocrx_word' id='word_1_100' title='bbox 920 1062 1088 1103; x_wconf 88' lang='lat' dir='ltr'>harena.</span> 
     </span>
    </p>

    <p class='ocr_par' dir='ltr' id='par_1_16' title="bbox 184 1125 1135 1178">
     <span class='ocr_line' id='line_1_23' title="bbox 184 1125 1135 1178; baseline -0.002 -11"><span class='ocrx_word' id='word_1_101' title='bbox 184 1127 352 1167; x_wconf 87' lang='lat' dir='ltr'>Aeneas</span> <span class='ocrx_word' id='word_1_102' title='bbox 377 1125 548 1166; x_wconf 87' lang='lat' dir='ltr'>miratus</span> <span class='ocrx_word' id='word_1_103' title='bbox 574 1125 685 1166; x_wconf 90' lang='lat' dir='ltr'>enim</span> <span class='ocrx_word' id='word_1_104' title='bbox 708 1132 930 1178; x_wconf 89' lang='lat' dir='ltr'>motusque</span> <span class='ocrx_word' id='word_1_105' title='bbox 955 1125 1135 1165; x_wconf 87' lang='lat' dir='ltr'>tumultu</span> 
     </span>
    </p>

    <p class='ocr_par' dir='ltr' id='par_1_17' title="bbox 186 1186 1393 1241">
     <span class='ocr_line' id='line_1_24' title="bbox 186 1186 1393 1241; baseline -0.002 -13"><span class='ocrx_word' id='word_1_106' title='bbox 186 1188 291 1229; x_wconf 84' lang='lat' dir='ltr'>‘dic&#39;</span> <span class='ocrx_word' id='word_1_107' title='bbox 318 1187 387 1236; x_wconf 85' lang='lat' dir='ltr'>ait,</span> <span class='ocrx_word' id='word_1_108' title='bbox 414 1192 457 1228; x_wconf 86' lang='lat' dir='ltr'>‘o</span> <span class='ocrx_word' id='word_1_109' title='bbox 483 1187 614 1241; x_wconf 90' lang='lat' dir='ltr'>virgo,</span> <span class='ocrx_word' id='word_1_110' title='bbox 641 1186 741 1240; x_wconf 90' lang='lat' dir='ltr'>quid</span> <span class='ocrx_word' id='word_1_111' title='bbox 766 1187 850 1228; x_wconf 87' lang='lat' dir='ltr'>volt</span> <span class='ocrx_word' id='word_1_112' title='bbox 877 1201 1101 1228; x_wconf 82' lang='lat' dir='ltr'>concursus</span> <span class='ocrx_word' id='word_1_113' title='bbox 1127 1186 1179 1227; x_wconf 87' lang='lat' dir='ltr'>ad</span> <span class='ocrx_word' id='word_1_114' title='bbox 1205 1186 1393 1227; x_wconf 82' lang='lat' dir='ltr'>amnem?</span> 
     </span>
    </p>
   </div>
   <div class='ocr_carea' id='block_1_10' title="bbox 163 1248 1313 1304">
    <p class='ocr_par' dir='ltr' id='par_1_18' title="bbox 163 1248 1313 1304">
     <span class='ocr_line' id='line_1_25' title="bbox 163 1248 1313 1304; baseline -0.003 -12"><span class='ocrx_word' id='word_1_115' title='bbox 163 1292 165 1294; x_wconf 70' lang='grc'><strong>,</strong></span> <span class='ocrx_word' id='word_1_116' title='bbox 185 1251 337 1304; x_wconf 89' lang='lat' dir='ltr'>quidve</span> <span class='ocrx_word' id='word_1_117' title='bbox 361 1256 506 1304; x_wconf 88' lang='lat' dir='ltr'>petunt</span> <span class='ocrx_word' id='word_1_118' title='bbox 532 1249 719 1290; x_wconf 81' lang='lat' dir='ltr'>animae?</span> <span class='ocrx_word' id='word_1_119' title='bbox 744 1250 810 1290; x_wconf 89' lang='lat' dir='ltr'>vel</span> <span class='ocrx_word' id='word_1_120' title='bbox 835 1262 917 1302; x_wconf 93' lang='lat' dir='ltr'>quo</span> <span class='ocrx_word' id='word_1_121' title='bbox 943 1248 1178 1290; x_wconf 87' lang='lat' dir='ltr'>discrimine</span> <span class='ocrx_word' id='word_1_122' title='bbox 1203 1249 1313 1303; x_wconf 86' lang='lat' dir='ltr'>ripas</span> 
     </span>
    </p>
   </div>
   <div class='ocr_carea' id='block_1_11' title="bbox 181 1311 1504 2552">
    <p class='ocr_par' dir='ltr' id='par_1_19' title="bbox 184 1311 1276 1366">
     <span class='ocr_line' id='line_1_26' title="bbox 184 1311 1276 1366; baseline -0.002 -13"><span class='ocrx_word' id='word_1_123' title='bbox 184 1313 260 1354; x_wconf 88' lang='lat' dir='ltr'>hae</span> <span class='ocrx_word' id='word_1_124' title='bbox 285 1312 490 1366; x_wconf 86' lang='lat' dir='ltr'>linquunt,</span> <span class='ocrx_word' id='word_1_125' title='bbox 516 1311 609 1352; x_wconf 92' lang='lat' dir='ltr'>illae</span> <span class='ocrx_word' id='word_1_126' title='bbox 634 1312 757 1352; x_wconf 89' lang='lat' dir='ltr'>remis</span> <span class='ocrx_word' id='word_1_127' title='bbox 783 1311 891 1352; x_wconf 88' lang='lat' dir='ltr'>vada</span> <span class='ocrx_word' id='word_1_128' title='bbox 914 1311 1041 1352; x_wconf 86' lang='lat' dir='ltr'>livida</span> <span class='ocrx_word' id='word_1_129' title='bbox 1065 1311 1276 1352; x_wconf 55' lang='lat' dir='ltr'>verrunt?</span> 
     </span>
    </p>

    <p class='ocr_par' dir='ltr' id='par_1_20' title="bbox 185 1373 1204 1428">
     <span class='ocr_line' id='line_1_27' title="bbox 185 1373 1204 1428; baseline -0.003 -11"><span class='ocrx_word' id='word_1_130' title='bbox 185 1376 255 1417; x_wconf 87' lang='lat' dir='ltr'>olli</span> <span class='ocrx_word' id='word_1_131' title='bbox 279 1375 338 1416; x_wconf 89' lang='lat' dir='ltr'>sic</span> <span class='ocrx_word' id='word_1_132' title='bbox 363 1374 543 1415; x_wconf 87' lang='lat' dir='ltr'>breviter</span> <span class='ocrx_word' id='word_1_133' title='bbox 567 1374 653 1415; x_wconf 86' lang='lat' dir='ltr'>fata</span> <span class='ocrx_word' id='word_1_134' title='bbox 678 1381 739 1415; x_wconf 88' lang='lat' dir='ltr'>est</span> <span class='ocrx_word' id='word_1_135' title='bbox 763 1374 969 1428; x_wconf 85' lang='lat' dir='ltr'>longaeva</span> <span class='ocrx_word' id='word_1_136' title='bbox 993 1373 1204 1415; x_wconf 87' lang='lat' dir='ltr'>sacerdos:</span> 
     </span>
    </p>

    <p class='ocr_par' dir='ltr' id='par_1_21' title="bbox 185 1435 1207 1491">
     <span class='ocr_line' id='line_1_28' title="bbox 185 1435 1207 1491; baseline -0.003 -12"><span class='ocrx_word' id='word_1_137' title='bbox 185 1437 394 1479; x_wconf 87' lang='lat' dir='ltr'>‘Anchisa</span> <span class='ocrx_word' id='word_1_138' title='bbox 417 1443 627 1491; x_wconf 85' lang='lat' dir='ltr'>generate,</span> <span class='ocrx_word' id='word_1_139' title='bbox 654 1436 779 1477; x_wconf 91' lang='lat' dir='ltr'>deum</span> <span class='ocrx_word' id='word_1_140' title='bbox 804 1436 1033 1477; x_wconf 84' lang='lat' dir='ltr'>certissima</span> <span class='ocrx_word' id='word_1_141' title='bbox 1056 1435 1207 1491; x_wconf 90' lang='lat' dir='ltr'>proles,</span> 
     </span>
    </p>

    <p class='ocr_par' dir='ltr' id='par_1_22' title="bbox 185 1497 1295 1554">
     <span class='ocr_line' id='line_1_29' title="bbox 185 1497 1295 1554; baseline -0.003 -13"><span class='ocrx_word' id='word_1_142' title='bbox 185 1499 334 1554; x_wconf 90' lang='lat' dir='ltr'>Cocyti</span> <span class='ocrx_word' id='word_1_143' title='bbox 360 1506 509 1554; x_wconf 87' lang='lat' dir='ltr'>stagna</span> <span class='ocrx_word' id='word_1_144' title='bbox 534 1498 616 1540; x_wconf 91' lang='lat' dir='ltr'>alta</span> <span class='ocrx_word' id='word_1_145' title='bbox 640 1498 756 1539; x_wconf 88' lang='lat' dir='ltr'>vides</span> <span class='ocrx_word' id='word_1_146' title='bbox 784 1497 1061 1553; x_wconf 86' lang='lat' dir='ltr'>Stygiamque</span> <span class='ocrx_word' id='word_1_147' title='bbox 1086 1498 1295 1553; x_wconf 81' lang='lat' dir='ltr'>paludem,</span> 
     </span>
    </p>

    <p class='ocr_par' dir='ltr' id='par_1_23' title="bbox 184 1561 1125 1604">
     <span class='ocr_line' id='line_1_30' title="bbox 184 1561 1125 1604; baseline -0.004 0"><span class='ocrx_word' id='word_1_148' title='bbox 184 1563 226 1604; x_wconf 90' lang='lat' dir='ltr'>di</span> <span class='ocrx_word' id='word_1_149' title='bbox 251 1563 367 1603; x_wconf 88' lang='lat' dir='ltr'>cuius</span> <span class='ocrx_word' id='word_1_150' title='bbox 393 1561 528 1602; x_wconf 89' lang='lat' dir='ltr'>iurare</span> <span class='ocrx_word' id='word_1_151' title='bbox 553 1561 699 1602; x_wconf 89' lang='lat' dir='ltr'>timent</span> <span class='ocrx_word' id='word_1_152' title='bbox 724 1568 766 1602; x_wconf 92' lang='lat' dir='ltr'>et</span> <span class='ocrx_word' id='word_1_153' title='bbox 790 1561 934 1602; x_wconf 87' lang='lat' dir='ltr'>fallere</span> <span class='ocrx_word' id='word_1_154' title='bbox 959 1575 1125 1601; x_wconf 91' lang='lat' dir='ltr'>numen.</span> 
     </span>
    </p>

    <p class='ocr_par' dir='ltr' id='par_1_24' title="bbox 183 1621 1504 1678">
     <span class='ocr_line' id='line_1_31' title="bbox 183 1621 1504 1678; baseline -0.004 -12"><span class='ocrx_word' id='word_1_155' title='bbox 183 1625 286 1666; x_wconf 92' lang='lat' dir='ltr'>haec</span> <span class='ocrx_word' id='word_1_156' title='bbox 311 1624 457 1672; x_wconf 84' lang='lat' dir='ltr'>omnis,</span> <span class='ocrx_word' id='word_1_157' title='bbox 484 1637 609 1676; x_wconf 90' lang='lat' dir='ltr'>quam</span> <span class='ocrx_word' id='word_1_158' title='bbox 635 1623 781 1673; x_wconf 91' lang='lat' dir='ltr'>cernis,</span> <span class='ocrx_word' id='word_1_159' title='bbox 806 1623 925 1678; x_wconf 86' lang='lat' dir='ltr'>inops</span> <span class='ocrx_word' id='word_1_160' title='bbox 950 1623 1248 1676; x_wconf 87' lang='lat' dir='ltr'>inhumataque</span> <span class='ocrx_word' id='word_1_161' title='bbox 1276 1621 1398 1662; x_wconf 82' lang='lat' dir='ltr'>turba</span> <span class='ocrx_word' id='word_1_162' title='bbox 1423 1627 1504 1670; x_wconf 72' lang='lat' dir='ltr'>est,</span> 
     </span>
    </p>

    <p class='ocr_par' dir='ltr' id='par_1_25' title="bbox 181 1684 1351 1743">
     <span class='ocr_line' id='line_1_32' title="bbox 181 1684 1351 1743; baseline -0.003 -15"><span class='ocrx_word' id='word_1_163' title='bbox 181 1687 354 1743; x_wconf 88' lang='lat' dir='ltr'>portitor</span> <span class='ocrx_word' id='word_1_164' title='bbox 377 1686 446 1727; x_wconf 90' lang='lat' dir='ltr'>ille</span> <span class='ocrx_word' id='word_1_165' title='bbox 473 1684 661 1734; x_wconf 86' lang='lat' dir='ltr'>Charon3</span> <span class='ocrx_word' id='word_1_166' title='bbox 688 1686 742 1735; x_wconf 90' lang='lat' dir='ltr'>hi,</span> <span class='ocrx_word' id='word_1_167' title='bbox 769 1700 873 1739; x_wconf 88' lang='lat' dir='ltr'>quos</span> <span class='ocrx_word' id='word_1_168' title='bbox 898 1685 1013 1726; x_wconf 88' lang='lat' dir='ltr'>vehit</span> <span class='ocrx_word' id='word_1_169' title='bbox 1036 1685 1161 1732; x_wconf 88' lang='lat' dir='ltr'>unda,</span> <span class='ocrx_word' id='word_1_170' title='bbox 1187 1684 1351 1739; x_wconf 86' lang='lat' dir='ltr'>sepulti.</span> 
     </span>
    </p>

    <p class='ocr_par' dir='ltr' id='par_1_26' title="bbox 182 1747 1185 1804">
     <span class='ocr_line' id='line_1_33' title="bbox 182 1747 1185 1804; baseline -0.003 -13"><span class='ocrx_word' id='word_1_171' title='bbox 182 1764 260 1792; x_wconf 90' lang='lat' dir='ltr'>nec</span> <span class='ocrx_word' id='word_1_172' title='bbox 284 1749 394 1804; x_wconf 85' lang='lat' dir='ltr'>ripas</span> <span class='ocrx_word' id='word_1_173' title='bbox 420 1748 542 1789; x_wconf 86' lang='lat' dir='ltr'>datur</span> <span class='ocrx_word' id='word_1_174' title='bbox 566 1748 792 1789; x_wconf 86' lang='lat' dir='ltr'>horrendas</span> <span class='ocrx_word' id='word_1_175' title='bbox 817 1755 858 1789; x_wconf 86' lang='lat' dir='ltr'>et</span> <span class='ocrx_word' id='word_1_176' title='bbox 881 1762 1007 1789; x_wconf 87' lang='lat' dir='ltr'>rauca</span> <span class='ocrx_word' id='word_1_177' title='bbox 1030 1747 1185 1789; x_wconf 88' lang='lat' dir='ltr'>fluenta</span> 
     </span>
    </p>

    <p class='ocr_par' dir='ltr' id='par_1_27' title="bbox 184 1809 1318 1866">
     <span class='ocr_line' id='line_1_34' title="bbox 184 1809 1318 1866; baseline -0.004 -13"><span class='ocrx_word' id='word_1_178' title='bbox 184 1819 462 1866; x_wconf 85' lang='lat' dir='ltr'>transportare</span> <span class='ocrx_word' id='word_1_179' title='bbox 488 1810 616 1865; x_wconf 89' lang='lat' dir='ltr'>prius,</span> <span class='ocrx_word' id='word_1_180' title='bbox 645 1825 768 1864; x_wconf 80' lang='lat' dir='ltr'>quam</span> <span class='ocrx_word' id='word_1_181' title='bbox 794 1810 963 1851; x_wconf 89' lang='lat' dir='ltr'>sedibus</span> <span class='ocrx_word' id='word_1_182' title='bbox 988 1825 1083 1851; x_wconf 85' lang='lat' dir='ltr'>ossa</span> <span class='ocrx_word' id='word_1_183' title='bbox 1106 1809 1318 1863; x_wconf 82' lang='lat' dir='ltr'>quierunt:</span> 
     </span>
    </p>

    <p class='ocr_par' dir='ltr' id='par_1_28' title="bbox 184 1871 1417 1926">
     <span class='ocr_line' id='line_1_35' title="bbox 184 1871 1417 1926; baseline -0.004 -10"><span class='ocrx_word' id='word_1_184' title='bbox 184 1881 350 1917; x_wconf 86' lang='lat' dir='ltr'>centum</span> <span class='ocrx_word' id='word_1_185' title='bbox 375 1880 511 1914; x_wconf 86' lang='lat' dir='ltr'>errant</span> <span class='ocrx_word' id='word_1_186' title='bbox 536 1887 665 1913; x_wconf 88' lang='lat' dir='ltr'>annos</span> <span class='ocrx_word' id='word_1_187' title='bbox 691 1873 946 1926; x_wconf 87' lang='lat' dir='ltr'>volitantque</span> <span class='ocrx_word' id='word_1_188' title='bbox 972 1872 1074 1913; x_wconf 90' lang='lat' dir='ltr'>haec</span> <span class='ocrx_word' id='word_1_189' title='bbox 1098 1872 1219 1912; x_wconf 86' lang='lat' dir='ltr'>litora</span> <span class='ocrx_word' id='word_1_190' title='bbox 1243 1871 1417 1920; x_wconf 84' lang='lat' dir='ltr'>circum3</span> 
     </span>
    </p>

    <p class='ocr_par' dir='ltr' id='par_1_29' title="bbox 183 1934 1289 1990">
     <span class='ocr_line' id='line_1_36' title="bbox 183 1934 1289 1990; baseline -0.004 -12"><span class='ocrx_word' id='word_1_191' title='bbox 183 1945 272 1978; x_wconf 93' lang='lat' dir='ltr'>tum</span> <span class='ocrx_word' id='word_1_192' title='bbox 297 1937 464 1978; x_wconf 90' lang='lat' dir='ltr'>demum</span> <span class='ocrx_word' id='word_1_193' title='bbox 491 1935 659 1976; x_wconf 87' lang='lat' dir='ltr'>admissi</span> <span class='ocrx_word' id='word_1_194' title='bbox 684 1942 832 1990; x_wconf 87' lang='lat' dir='ltr'>stagna</span> <span class='ocrx_word' id='word_1_195' title='bbox 856 1942 1053 1989; x_wconf 83' lang='lat' dir='ltr'>exoptata</span> <span class='ocrx_word' id='word_1_196' title='bbox 1077 1934 1289 1975; x_wconf 86' lang='lat' dir='ltr'>revisunt.’</span> 
     </span>
    </p>

    <p class='ocr_par' dir='ltr' id='par_1_30' title="bbox 185 1996 1170 2051">
     <span class='ocr_line' id='line_1_37' title="bbox 185 1996 1170 2051; baseline -0.003 -11"><span class='ocrx_word' id='word_1_197' title='bbox 185 1998 367 2042; x_wconf 85' lang='lat' dir='ltr'>constitit</span> <span class='ocrx_word' id='word_1_198' title='bbox 390 1997 580 2038; x_wconf 89' lang='lat' dir='ltr'>Anchisa</span> <span class='ocrx_word' id='word_1_199' title='bbox 605 2004 718 2038; x_wconf 86' lang='lat' dir='ltr'>satus</span> <span class='ocrx_word' id='word_1_200' title='bbox 743 2004 784 2038; x_wconf 87' lang='lat' dir='ltr'>et</span> <span class='ocrx_word' id='word_1_201' title='bbox 809 1997 985 2051; x_wconf 86' lang='lat' dir='ltr'>vestigia</span> <span class='ocrx_word' id='word_1_202' title='bbox 1008 1996 1170 2051; x_wconf 85' lang='lat' dir='ltr'>pressit,</span> 
     </span>
    </p>

    <p class='ocr_par' dir='ltr' id='par_1_31' title="bbox 184 2058 1378 2116">
     <span class='ocr_line' id='line_1_38' title="bbox 184 2058 1378 2116; baseline -0.005 -12"><span class='ocrx_word' id='word_1_203' title='bbox 184 2062 315 2104; x_wconf 85' lang='lat' dir='ltr'>multa</span> <span class='ocrx_word' id='word_1_204' title='bbox 339 2068 490 2116; x_wconf 90' lang='lat' dir='ltr'>putans</span> <span class='ocrx_word' id='word_1_205' title='bbox 515 2067 751 2114; x_wconf 88' lang='lat' dir='ltr'>sortemque</span> <span class='ocrx_word' id='word_1_206' title='bbox 777 2060 914 2101; x_wconf 90' lang='lat' dir='ltr'>animo</span> <span class='ocrx_word' id='word_1_207' title='bbox 940 2059 1157 2100; x_wconf 87' lang='lat' dir='ltr'>miseratus</span> <span class='ocrx_word' id='word_1_208' title='bbox 1181 2058 1378 2112; x_wconf 87' lang='lat' dir='ltr'>iniquam.</span> 
     </span>
    </p>

    <p class='ocr_par' dir='ltr' id='par_1_32' title="bbox 186 2121 1217 2166">
     <span class='ocr_line' id='line_1_39' title="bbox 186 2121 1217 2166; baseline -0.003 -1"><span class='ocrx_word' id='word_1_209' title='bbox 186 2125 317 2166; x_wconf 83' lang='lat' dir='ltr'>cernit</span> <span class='ocrx_word' id='word_1_210' title='bbox 341 2124 398 2164; x_wconf 91' lang='lat' dir='ltr'>ibi</span> <span class='ocrx_word' id='word_1_211' title='bbox 423 2130 602 2164; x_wconf 87' lang='lat' dir='ltr'>maestos</span> <span class='ocrx_word' id='word_1_212' title='bbox 629 2129 669 2164; x_wconf 88' lang='lat' dir='ltr'>et</span> <span class='ocrx_word' id='word_1_213' title='bbox 693 2122 835 2163; x_wconf 88' lang='lat' dir='ltr'>mortis</span> <span class='ocrx_word' id='word_1_214' title='bbox 862 2122 1016 2162; x_wconf 87' lang='lat' dir='ltr'>honore</span> <span class='ocrx_word' id='word_1_215' title='bbox 1041 2121 1217 2163; x_wconf 89' lang='lat' dir='ltr'>carentis</span> 
     </span>
    </p>

    <p class='ocr_par' dir='ltr' id='par_1_33' title="bbox 184 2182 1324 2240">
     <span class='ocr_line' id='line_1_40' title="bbox 184 2182 1324 2240; baseline -0.004 -12"><span class='ocrx_word' id='word_1_216' title='bbox 184 2186 440 2240; x_wconf 89' lang='lat' dir='ltr'>Leucaspim</span> <span class='ocrx_word' id='word_1_217' title='bbox 464 2192 505 2227; x_wconf 85' lang='lat' dir='ltr'>et</span> <span class='ocrx_word' id='word_1_218' title='bbox 528 2185 687 2239; x_wconf 89' lang='lat' dir='ltr'>Lyciae</span> <span class='ocrx_word' id='word_1_219' title='bbox 713 2185 927 2226; x_wconf 89' lang='lat' dir='ltr'>ductorem</span> <span class='ocrx_word' id='word_1_220' title='bbox 953 2184 1094 2225; x_wconf 87' lang='lat' dir='ltr'>classis</span> <span class='ocrx_word' id='word_1_221' title='bbox 1121 2182 1324 2232; x_wconf 84' lang='lat' dir='ltr'>Oronten,</span> 
     </span>
    </p>

    <p class='ocr_par' dir='ltr' id='par_1_34' title="bbox 186 2247 1306 2304">
     <span class='ocr_line' id='line_1_41' title="bbox 186 2247 1306 2304; baseline -0.004 -14"><span class='ocrx_word' id='word_1_222' title='bbox 186 2264 289 2304; x_wconf 85' lang='lat' dir='ltr'>quos</span> <span class='ocrx_word' id='word_1_223' title='bbox 315 2248 437 2289; x_wconf 88' lang='lat' dir='ltr'>simul</span> <span class='ocrx_word' id='word_1_224' title='bbox 462 2263 487 2288; x_wconf 85' lang='lat' dir='ltr'>a</span> <span class='ocrx_word' id='word_1_225' title='bbox 510 2247 637 2288; x_wconf 90' lang='lat' dir='ltr'>Troia</span> <span class='ocrx_word' id='word_1_226' title='bbox 661 2255 835 2288; x_wconf 89' lang='lat' dir='ltr'>ventosa</span> <span class='ocrx_word' id='word_1_227' title='bbox 859 2261 933 2302; x_wconf 88' lang='lat' dir='ltr'>per</span> <span class='ocrx_word' id='word_1_228' title='bbox 958 2261 1139 2300; x_wconf 87' lang='lat' dir='ltr'>aequora</span> <span class='ocrx_word' id='word_1_229' title='bbox 1164 2253 1306 2287; x_wconf 86' lang='lat' dir='ltr'>vectos</span> 
     </span>
    </p>

    <p class='ocr_par' dir='ltr' id='par_1_35' title="bbox 186 2309 1362 2428">
     <span class='ocr_line' id='line_1_42' title="bbox 186 2309 1362 2363; baseline -0.003 -10"><span class='ocrx_word' id='word_1_230' title='bbox 186 2311 324 2353; x_wconf 87' lang='lat' dir='ltr'>obruit</span> <span class='ocrx_word' id='word_1_231' title='bbox 349 2317 500 2359; x_wconf 83' lang='lat' dir='ltr'>auster,</span> <span class='ocrx_word' id='word_1_232' title='bbox 526 2324 635 2363; x_wconf 86' lang='lat' dir='ltr'>aqua</span> <span class='ocrx_word' id='word_1_233' title='bbox 658 2309 873 2351; x_wconf 89' lang='lat' dir='ltr'>involvens</span> <span class='ocrx_word' id='word_1_234' title='bbox 898 2323 1130 2362; x_wconf 88' lang='lat' dir='ltr'>navemque</span> <span class='ocrx_word' id='word_1_235' title='bbox 1156 2309 1362 2362; x_wconf 87' lang='lat' dir='ltr'>virosque.</span> 
     </span>
     <span class='ocr_line' id='line_1_43' title="bbox 243 2371 1184 2428; baseline -0.004 -13"><span class='ocrx_word' id='word_1_236' title='bbox 243 2373 355 2415; x_wconf 89' lang='lat' dir='ltr'>Ecce</span> <span class='ocrx_word' id='word_1_237' title='bbox 380 2373 634 2428; x_wconf 89' lang='lat' dir='ltr'>gubernator</span> <span class='ocrx_word' id='word_1_238' title='bbox 658 2387 747 2413; x_wconf 88' lang='lat' dir='ltr'>sese</span> <span class='ocrx_word' id='word_1_239' title='bbox 771 2372 994 2412; x_wconf 88' lang='lat' dir='ltr'>Palinurus</span> <span class='ocrx_word' id='word_1_240' title='bbox 1019 2371 1184 2426; x_wconf 84' lang='lat' dir='ltr'>agebat,</span> 
     </span>
    </p>

    <p class='ocr_par' dir='ltr' id='par_1_36' title="bbox 187 2434 1222 2491">
     <span class='ocr_line' id='line_1_44' title="bbox 187 2434 1222 2491; baseline -0.003 -14"><span class='ocrx_word' id='word_1_241' title='bbox 187 2437 258 2491; x_wconf 91' lang='lat' dir='ltr'>qui</span> <span class='ocrx_word' id='word_1_242' title='bbox 282 2436 445 2489; x_wconf 89' lang='lat' dir='ltr'>Libyco</span> <span class='ocrx_word' id='word_1_243' title='bbox 471 2450 603 2489; x_wconf 89' lang='lat' dir='ltr'>nuper</span> <span class='ocrx_word' id='word_1_244' title='bbox 627 2448 765 2483; x_wconf 86' lang='lat' dir='ltr'>cursu,</span> <span class='ocrx_word' id='word_1_245' title='bbox 791 2434 891 2475; x_wconf 90' lang='lat' dir='ltr'>dum</span> <span class='ocrx_word' id='word_1_246' title='bbox 914 2434 1049 2475; x_wconf 88' lang='lat' dir='ltr'>sidera</span> <span class='ocrx_word' id='word_1_247' title='bbox 1073 2439 1222 2483; x_wconf 89' lang='lat' dir='ltr'>servat,</span> 
     </span>
    </p>

    <p class='ocr_par' dir='ltr' id='par_1_37' title="bbox 189 2496 1131 2552">
     <span class='ocr_line' id='line_1_45' title="bbox 189 2496 1131 2552; baseline -0.004 -12"><span class='ocrx_word' id='word_1_248' title='bbox 189 2499 398 2541; x_wconf 85' lang='lat' dir='ltr'>exciderat</span> <span class='ocrx_word' id='word_1_249' title='bbox 422 2498 552 2552; x_wconf 87' lang='lat' dir='ltr'>puppi</span> <span class='ocrx_word' id='word_1_250' title='bbox 577 2497 723 2538; x_wconf 88' lang='lat' dir='ltr'>mediis</span> <span class='ocrx_word' id='word_1_251' title='bbox 749 2496 906 2538; x_wconf 84' lang='lat' dir='ltr'>effusus</span> <span class='ocrx_word' id='word_1_252' title='bbox 931 2497 973 2537; x_wconf 92' lang='lat' dir='ltr'>in</span> <span class='ocrx_word' id='word_1_253' title='bbox 997 2496 1131 2536; x_wconf 91' lang='lat' dir='ltr'>undis.</span> 
     </span>
    </p>
   </div>
   <div class='ocr_carea' id='block_1_12' title="bbox 99 2557 1342 2613">
    <p class='ocr_par' dir='ltr' id='par_1_38' title="bbox 99 2557 1342 2613">
     <span class='ocr_line' id='line_1_46' title="bbox 99 2557 1342 2613; baseline -0.003 -11"><span class='ocrx_word' id='word_1_254' title='bbox 99 2573 164 2604; x_wconf 85' lang='lat'>340</span> <span class='ocrx_word' id='word_1_255' title='bbox 187 2562 298 2603; x_wconf 90' lang='lat' dir='ltr'>hunc</span> <span class='ocrx_word' id='word_1_256' title='bbox 321 2559 394 2601; x_wconf 86' lang='lat' dir='ltr'>ubi</span> <span class='ocrx_word' id='word_1_257' title='bbox 419 2560 488 2600; x_wconf 84' lang='lat' dir='ltr'>vix</span> <span class='ocrx_word' id='word_1_258' title='bbox 513 2559 644 2600; x_wconf 86' lang='lat' dir='ltr'>multa</span> <span class='ocrx_word' id='word_1_259' title='bbox 667 2566 871 2600; x_wconf 87' lang='lat' dir='ltr'>maestum</span> <span class='ocrx_word' id='word_1_260' title='bbox 896 2558 1090 2613; x_wconf 88' lang='lat' dir='ltr'>cognovit</span> <span class='ocrx_word' id='word_1_261' title='bbox 1113 2558 1155 2598; x_wconf 91' lang='lat' dir='ltr'>in</span> <span class='ocrx_word' id='word_1_262' title='bbox 1181 2557 1342 2608; x_wconf 88' lang='lat' dir='ltr'>umbra,</span> 
     </span>
    </p>
   </div>
   <div class='ocr_carea' id='block_1_13' title="bbox 190 2621 1313 2680">
    <p class='ocr_par' dir='ltr' id='par_1_39' title="bbox 190 2621 1313 2680">
     <span class='ocr_line' id='line_1_47' title="bbox 190 2621 1313 2680; baseline -0.003 -15"><span class='ocrx_word' id='word_1_263' title='bbox 190 2624 247 2666; x_wconf 88' lang='lat' dir='ltr'>sic</span> <span class='ocrx_word' id='word_1_264' title='bbox 271 2623 382 2680; x_wconf 87' lang='lat' dir='ltr'>prior</span> <span class='ocrx_word' id='word_1_265' title='bbox 406 2622 659 2677; x_wconf 83' lang='lat' dir='ltr'>adloquitur:</span> <span class='ocrx_word' id='word_1_266' title='bbox 687 2622 796 2676; x_wconf 86' lang='lat' dir='ltr'>‘quis</span> <span class='ocrx_word' id='word_1_267' title='bbox 823 2629 876 2671; x_wconf 91' lang='lat' dir='ltr'>te,</span> <span class='ocrx_word' id='word_1_268' title='bbox 902 2621 1113 2671; x_wconf 88' lang='lat' dir='ltr'>Palinure,</span> <span class='ocrx_word' id='word_1_269' title='bbox 1141 2621 1313 2663; x_wconf 87' lang='lat' dir='ltr'>deorum</span> 
     </span>
    </p>
   </div>
  </div>
 </body>
</html>
