1622 2847
215 158 244 202 4
633 166 676 201 P.
697 166 907 202 VERGILI
931 167 1155 204 MARONIS

217 272 432 315 candidior
455 277 678 327 postquam
701 270 890 313 tondenti
913 271 1045 313 barba
1069 271 1258 323 cadebat,

217 335 400 391 respexit
424 341 563 376 tamen
587 340 627 375 et
651 333 778 389 longo
802 340 898 389 post
921 340 1105 388 tempore
1129 335 1253 383 venit,

151 412 194 443 30
218 405 441 453 postquam
464 411 540 438 nos
566 395 794 450 Amaryllis
818 395 956 445 habet,
985 394 1162 438 Galatea
1185 396 1363 450 reliquit.

216 474 410 514 namque,
436 458 600 500 fatebor
624 458 747 508 enim,
774 458 875 499 dum
898 473 965 500 me
992 457 1170 500 Galatea
1193 459 1376 508 tenebat,

215 537 293 564 nec
318 537 413 577 spes
437 520 639 562 libertatis
664 527 765 570 erat,
790 534 867 562 nec
892 534 991 562 cura
1015 521 1164 575 peculi.

216 584 407 639 quamvis
431 583 561 624 multa
584 582 688 624 meis
713 582 842 624 exiret
865 581 1034 624 victima
1058 583 1226 638 saeptis,

215 646 383 702 pinguis
409 652 450 687 et
473 645 662 700 ingratae
685 650 942 700 premeretur
966 659 1111 687 caseus
1135 644 1242 694 urbi,

150 723 191 754 35
216 725 299 750 non
324 722 523 762 umquam
548 707 687 762 gravis
713 721 807 748 aere
833 706 1003 748 domum
1028 707 1130 749 mihi
1155 707 1302 749 dextra
1329 707 1505 750 redibat.

218 772 307 813 ΜΕ.
339 770 542 819 Mirabar,
568 769 667 823 quid
692 776 851 810 maesta
875 769 988 819 deos,
1013 770 1235 825 Amarylli,
1260 784 1444 820 vocareS,

219 834 287 874 cui
310 832 492 888 pendere
518 847 593 873 sua
617 831 815 886 patereris
841 831 883 871 in
908 831 1054 873 arbore
1078 846 1220 887 poma:

219 896 390 950 Tityrus
415 894 512 936 hinc
536 894 692 935 aberat.
740 893 856 948 ipsae
880 900 933 943 te,
958 893 1116 949 Tityre,
1142 894 1279 949 pinus,

216 959 297 1013 ipsi
321 965 361 999 te
385 957 536 1006 fontes,
560 956 651 1011 ipsa
674 955 778 997 haec
802 955 971 997 arbusta
994 956 1212 998 vocabant.

150 1032 194 1062 40
220 1021 285 1061 T1.
320 1020 434 1072 Quid
459 1019 665 1060 facerem?
689 1033 825 1072 neque
849 1018 1016 1060 servitio
1039 1034 1106 1060 me
1132 1018 1244 1061 exire
1267 1018 1419 1062 licebat

219 1098 298 1125 nec
322 1090 408 1124 tam
432 1081 661 1138 praesentis
687 1081 785 1122 alibi
811 1095 1061 1136 cognoscere
1086 1081 1217 1123 divos.

219 1146 286 1187 hic
310 1145 429 1186 illum
452 1144 538 1185 vidi
562 1144 770 1192 iuvenem,
795 1143 1020 1194 Meliboee,
1045 1144 1268 1198 quotannis

219 1208 283 1249 bis
309 1222 430 1249 senos
455 1206 521 1248 cui
545 1213 686 1247 nostra
710 1205 798 1247 dies
823 1206 970 1247 altaria
992 1206 1167 1248 fumant,

220 1270 288 1312 hic
313 1269 414 1310 mihi
438 1283 684 1324 responsum
708 1268 866 1323 primus
892 1268 1004 1310 dedit
1026 1268 1096 1310 ille
1119 1268 1294 1323 petenti:

151 1343 193 1374 45
221 1333 411 1388 ‘pascite‚
437 1340 483 1372 ut
507 1338 615 1380 ante,
641 1331 783 1381 boves,
808 1331 947 1386 pueri3
972 1330 1201 1373 submittite
1226 1331 1393 1373 tauros?

219 1395 308 1437 Mn.
336 1395 567 1436 Fortunate
592 1408 732 1443 seneX,
759 1408 858 1448 ergo
884 1401 956 1435 tua
979 1408 1076 1435 rura
1099 1393 1340 1436 manebunt.

222 1465 262 1499 et
284 1457 360 1498 tibi
383 1471 538 1511 magna
563 1456 674 1506 satis,
700 1455 890 1509 quamvis
914 1456 1019 1511 lapis
1045 1457 1184 1497 omnia
1208 1456 1345 1498 nudus

219 1520 450 1573 limosoque
474 1519 593 1574 palus
619 1518 800 1559 obducat
824 1532 980 1573 pascua
1003 1519 1139 1560 iunco.

219 1597 304 1623 non
327 1582 491 1623 insueta
514 1581 653 1636 gravis
678 1581 942 1636 temptabunt
965 1581 1120 1636 pabula
1144 1580 1263 1631 fetae„

153 1656 196 1687 50
219 1659 298 1686 nec
322 1644 432 1686 mala
456 1643 581 1686 vicini
605 1643 765 1699 pecoris
791 1643 983 1698 contagia
1005 1643 1184 1686 laedent.

221 1707 430 1749 fortunate
455 1720 596 1755 senex,
622 1706 688 1747 hic
712 1706 819 1747 inter
842 1706 1014 1747 flumina
1037 1713 1136 1748 nota

223 1777 264 1812 et
287 1769 413 1811 fontis
437 1783 577 1810 sacros
601 1768 734 1823 frigus
760 1768 946 1823 captabis
972 1783 1162 1823 opacum.

222 1832 319 1873 hinc
344 1831 432 1880 tibi,
458 1845 565 1885 quae
591 1845 767 1886 semper,
792 1831 928 1872 vicino
954 1831 1007 1872 ab
1031 1831 1162 1873 limite
1187 1845 1331 1886 saepes

223 1894 428 1950 Hyblaeis
454 1894 602 1948 apibus
627 1894 771 1935 florem
795 1894 968 1948 depasta
992 1894 1124 1935 salicti

156 1968 197 2000 55
225 1972 349 2012 saepe
372 1956 455 1998 levi
480 1970 671 1997 somnum
696 1956 887 1998 suadebit
911 1956 1014 1998 inire
1038 1971 1205 1998 susurro
1214 1973 1225 2006 3

223 2020 320 2061 hinc
345 2019 428 2061 alta
453 2019 531 2060 sub
556 2034 659 2074 rupe
684 2026 804 2061 canet
827 2019 1041 2060 frondator
1065 2019 1118 2060 ad
1144 2034 1286 2060 auras:

222 2097 300 2125 nec
324 2089 463 2123 tamen
486 2081 644 2124 interea
668 2096 831 2131 raucae,
856 2089 928 2122 tua
953 2095 1064 2131 cura,
1089 2081 1319 2137 palumbes,

224 2160 300 2187 nec
324 2159 492 2199 gemere
516 2144 628 2186 aeria
651 2144 828 2186 cessabit
852 2151 987 2185 turtur
1010 2144 1063 2186 ab
1087 2144 1214 2185 ulmo.

224 2208 290 2248 T1.
322 2208 437 2248 Ante
461 2207 573 2248 leves
598 2221 697 2262 ergo
722 2214 943 2262 pascentur
967 2207 1009 2247 in
1033 2206 1199 2249 aethere
1224 2206 1349 2257 cervi,

158 2281 200 2312 60
225 2277 264 2312 et
288 2270 394 2312 freta
418 2269 642 2311 destituent
666 2270 800 2311 nudos
824 2270 867 2310 in
890 2270 1008 2312 litore
1031 2269 1180 2325 pisces,

225 2340 320 2375 ante
344 2333 563 2387 pererratis
588 2332 805 2373 amborum
830 2333 981 2374 finibus
1007 2332 1104 2374 exul

225 2403 297 2437 aut
321 2395 490 2436 Ararim
514 2395 694 2436 Parthus
721 2395 834 2437 bibet
860 2402 930 2436 aut
956 2394 1182 2437 Germania
1205 2394 1382 2449 Tigrim,

225 2472 352 2511 quam
375 2465 517 2499 nostro
542 2458 650 2499 illius
676 2458 840 2498 labatur
864 2465 1029 2513 pectore
1054 2458 1203 2499 voltus.

225 2520 315 2562 Mn.
348 2520 409 2562 At
433 2535 508 2561 nos
533 2520 630 2562 hinc
655 2520 724 2561 alii
748 2521 920 2562 sitientis
946 2521 1097 2561 ibimus
1123 2520 1266 2569 Afros,

161 2596 201 2628 65
226 2598 322 2638 pars
349 2582 566 2638 Scythiam
590 2590 630 2625 et
654 2583 846 2638 rapidum
871 2581 1023 2624 Cretae
1048 2582 1262 2624 veniemus
1288 2580 1439 2622 Oaxen

227 2653 268 2688 et
291 2646 455 2703 penitus
480 2652 567 2688 toto
592 2645 745 2688 divisos
771 2646 870 2689 orbe
894 2646 1130 2688 Britannos,
