1660 2847
535 169 789 207 AENEIDOS
813 169 909 204 LIB.
936 169 1021 205 VII.

112 276 171 318 sic
197 276 346 318 deinde
371 275 520 317 effatus
545 274 753 316 frondenti
778 281 965 328 tempora
988 287 1104 314 ramo

111 338 297 393 implicat
321 344 362 379 et
384 337 637 392 geniumque
661 336 741 378 loci
764 336 1023 390 primamque
1049 335 1221 376 deorum

112 400 325 441 Tellurem
348 399 639 453 nymphasque
664 405 705 439 et
728 398 865 439 adhuc
888 397 1031 451 ignota
1056 404 1249 452 precatur

111 462 296 511 flumina,
321 469 408 502 tum
432 461 610 502 Noctem
634 460 862 513 Noctisque
886 459 1060 500 orientia
1086 459 1206 514 signa

111 524 369 578 Idaeumque
393 523 537 564 Iovem
561 523 877 578 Phrygiamque
902 537 954 563 ex
978 522 1121 563 ordine
1146 522 1329 562 Elatrem

111 586 277 628 invocat
301 592 341 627 et
365 585 542 640 duplicis
568 583 781 638 Caeloque
807 584 1030 637 Ereboque
1055 583 1250 638 parentis.

111 647 180 689 hic
204 655 322 703 pater
346 647 606 702 omnipotens
631 654 692 688 ter
717 647 832 688 caelo
858 647 992 687 clarus
1018 646 1071 686 ab
1097 646 1179 686 alto

111 709 292 751 intonuit
315 709 524 763 radiisque
549 709 763 750 ardentem
787 708 891 749 lucis
917 715 958 749 et
982 722 1082 749 auro

110 771 199 826 ipse
223 787 349 813 manu
373 771 562 825 quatiens
588 771 768 812 ostendit
791 770 844 811 ab
869 770 1034 811 aethere
1058 770 1228 811 nubem.

111 833 266 874 diditur
289 834 357 875 hic
382 833 518 874 subito
543 833 726 874 Troiana
748 847 823 887 per
847 832 1016 887 agmina
1039 846 1194 881 rumor,

111 896 329 938 advenisse
355 896 478 945 diem,
505 910 587 949 quo
614 895 754 936 debita
778 895 943 936 moenia
968 895 1160 936 condant.

111 959 298 999 certatim
321 959 557 999 instaurant
580 957 724 1012 epulas
750 964 874 1011 atque
899 957 1036 998 omine
1059 970 1213 1012 magno

111 1028 290 1062 crateras
314 1020 411 1062 laeti
437 1027 624 1061 statuunt
648 1026 689 1061 et
712 1020 809 1060 vina
834 1026 1046 1061 coronant.

165 1082 341 1124 Postera
365 1097 460 1123 cum
485 1082 619 1137 prima
643 1082 846 1122 lustrabat
869 1082 1061 1136 lampade
1086 1088 1215 1123 terras

110 1151 200 1185 orta
224 1144 326 1193 dies,
351 1144 498 1185 urbem
523 1151 563 1185 et
586 1143 679 1184 finis
705 1151 745 1184 et
769 1144 890 1184 litora
913 1143 1050 1198 gentis

110 1206 262 1248 diversi
287 1206 517 1261 explorant,
543 1206 646 1247 haec
669 1205 796 1247 sontis
821 1213 971 1261 stagna
994 1206 1176 1255 Numici,

109 1268 220 1310 hunc
244 1269 449 1324 Thybrim
472 1268 660 1317 fluvium,
685 1268 753 1309 hic
776 1268 894 1309 fortis
919 1268 1107 1310 habitare
1132 1269 1322 1310 Latinos.

110 1337 199 1372 tum
225 1338 338 1372 satus
363 1331 553 1373 Anchisa
577 1331 760 1372 delectos
784 1331 928 1372 ordine
953 1331 1006 1372 ab
1032 1331 1144 1372 omni

110 1400 276 1436 centum
301 1400 482 1435 oratores
510 1400 688 1448 augusta
713 1393 767 1433 ad
790 1393 954 1434 moenia
977 1393 1087 1448 regis

108 1456 168 1498 ire
191 1456 320 1505 iubet,
346 1456 470 1497 ramis
494 1456 652 1497 velatos
677 1455 860 1496 Palladis
886 1455 1033 1505 omnis,

110 1519 301 1572 donaque
326 1518 432 1560 ferre
456 1518 544 1559 viro
569 1531 799 1572 pacemque
826 1532 1049 1572 exposcere
1074 1517 1261 1560 Teucris.

109 1580 222 1622 haud
246 1595 375 1630 mora,
399 1580 597 1622 festinant
619 1580 721 1621 iussi
745 1580 984 1634 rapidisque
1009 1580 1199 1621 feruntur

108 1643 313 1698 passibus.
362 1643 451 1698 ipse
476 1642 623 1683 humili
648 1642 841 1697 designat
863 1642 1028 1683 moenia
1054 1643 1166 1684 fossa

108 1705 357 1759 moliturque
380 1706 519 1747 locum
542 1705 781 1760 primasque
805 1705 848 1745 in
872 1705 991 1746 litore
1016 1705 1134 1746 sedes

109 1775 338 1810 castrorum
361 1768 404 1809 in
428 1782 584 1809 morem
608 1767 745 1822 pinnis
771 1774 895 1821 atque
921 1783 1075 1823 aggere
1100 1768 1241 1822 cingit,

108 1829 274 1884 iamque
298 1830 375 1871 iter
399 1829 555 1871 emensi
579 1829 701 1870 turris
727 1844 775 1871 ac
799 1836 908 1871 tecta
932 1829 1181 1871 Latinorum

109 1892 240 1934 ardua
263 1892 488 1934 cernebant
510 1892 680 1933 iuvenes
705 1906 907 1946 muroque
933 1892 1141 1933 subibant.

110 1961 205 1997 ante
229 1955 377 1996 urbem
402 1954 520 2009 pueri
545 1961 586 1995 et
609 1954 821 2009 primaevo
845 1954 946 1996 flore
970 1954 1163 1996 iuventus

111 2024 355 2060 exercentur
379 2016 496 2070 equis
522 2016 807 2070 domitantque
832 2016 874 2057 in
899 2017 1071 2071 pulvere
1096 2032 1241 2059 currus

111 2087 184 2122 aut
208 2080 312 2121 acris
336 2079 513 2121 tendunt
538 2093 656 2120 arcus
682 2085 754 2120 aut
776 2080 888 2120 lenta
912 2079 1076 2121 lacertis

111 2143 270 2198 spicula
294 2148 568 2195 contorquent
591 2155 798 2194 cursuque
821 2141 991 2194 ictuque
1015 2142 1238 2192 lacessunt,

111 2220 206 2247 cum
230 2211 474 2259 praevectus
500 2218 608 2257 equo
632 2203 826 2258 longaevi
849 2203 960 2258 regis
985 2204 1038 2245 ad
1063 2205 1174 2245 auris

110 2267 280 2309 nuntius
305 2266 484 2322 ingentis
508 2266 651 2320 ignota
673 2266 716 2306 in
740 2272 854 2308 veste
878 2273 1062 2320 reportat

111 2328 329 2371 advenisse
353 2329 476 2370 viros.
523 2328 592 2370 ille
616 2328 724 2368 intra
749 2334 857 2369 tecta
882 2328 1022 2369 vocari

110 2392 287 2447 imperat
311 2397 352 2432 et
375 2391 476 2432 solio
501 2391 662 2432 medius
688 2391 873 2432 consedit
897 2391 1022 2432 avito.

111 2461 266 2496 tectum
291 2460 529 2508 augustum,
554 2454 715 2508 ingenS‚
742 2460 908 2494 centum
934 2453 1112 2495 sublime
1137 2454 1354 2505 columnis,

110 2516 214 2558 urbe
238 2515 317 2557 fuit
341 2531 515 2566 summa,
540 2515 766 2557 Laurentis
789 2516 906 2571 regia
927 2515 1034 2565 Pici,

111 2577 364 2620 horrendum
390 2578 504 2619 silvis
529 2585 571 2619 et
593 2578 809 2632 relligione
833 2585 1067 2632 parentum.

112 2640 179 2683 hic
203 2648 365 2696 sceptra
389 2640 575 2696 accipere
600 2648 642 2682 et
664 2639 818 2696 primos
844 2640 1028 2682 attollere
1053 2640 1186 2683 fasces

1372 158 1453 201 217

1484 281 1546 312 135

1486 593 1549 623 140

1487 905 1549 935 145

1485 1215 1549 1246 150

1484 1533 1547 1564 155

1484 1847 1548 1878 160

1483 2156 1546 2187 165

1484 2467 1547 2498 170
