1622 2847
590 134 795 171 ECLOGA
818 134 885 170 IX.
1359 123 1415 165 23

65 256 163 282 nam
186 255 323 295 neque
349 239 485 281 adhuc
510 239 639 282 Vario
664 240 808 281 videor
831 252 914 293 nec¹
934 237 1070 279 dicere
1097 237 1235 279 Cinna
1440 244 1481 274 35

67 304 206 358 digna,
232 303 306 344 sed
330 309 500 357 argutos
524 301 631 343 inter
656 309 839 357 strepere
865 315 985 341 anser
1009 301 1155 342 olores.

64 365 156 407 Mo.
175 366 228 407 Id
245 365 414 419 quidem
433 379 513 420 ago
534 372 574 406 et
592 365 757 414 tacitus,
770 363 950 419 Lycida,
964 377 1129 404 mecum
1148 363 1238 418 ipse
1258 362 1414 412 voluto,

65 427 101 467 si
124 427 285 468 valeam
309 426 564 476 meminisse3
590 440 726 480 neque
751 432 813 467 est
836 424 1022 480 ignobile
1047 439 1227 465 carmen.

66 489 167 531 ‘huc
191 489 304 538 ades,
329 504 354 530 o
381 488 577 539 Galatea3
603 489 694 543 quis
722 496 784 530 est
806 503 904 529 nam
928 487 1050 528 ludus
1076 487 1118 528 in
1142 486 1292 528 undis?

65 551 132 594 hic
155 567 229 594 ver
251 567 522 607 purpureum,
547 553 683 594 varios
708 552 776 593 hic
799 550 973 592 flumina
998 550 1156 592 circum
1440 555 1483 585 40

64 613 201 655 fundit
225 613 378 655 humus
402 615 538 664 flores,
564 614 632 655 hic
657 613 835 655 candida
858 613 1040 667 populus
1065 619 1183 653 antro

64 676 251 717 imminet
275 685 315 717 et
338 677 475 719 lentae
500 684 648 718 texunt
672 675 918 717 umbracula
943 675 1066 716 vites:

63 736 145 778 huc
170 738 289 787 ades;
314 738 449 779 insani
472 738 623 780 feriant
647 738 735 780 sine
758 737 881 779 litora
905 735 1084 778 fluctus.9

63 799 142 840 LY.
175 799 303 852 Quid,
329 815 436 855 quae
460 808 501 842 te
525 816 631 856 pura
656 801 791 842 solum
816 800 894 841 sub
920 807 1042 840 nocte
1067 805 1285 840 canentem

63 860 301 903 audieram?
325 877 520 904 numeros
546 862 728 912 memini,
756 862 790 903 si
814 861 943 903 verba
968 868 1166 903 tenerem.
1440 867 1480 898 45

62 923 154 964 Mo.
187 924 392 979 ‘Daphni,
417 926 519 979 quid
544 925 736 979 antiquos
763 924 979 980 signorum
1005 923 1181 979 suspicis
1208 923 1347 964 ortus?

64 1000 159 1028 ecce
184 986 365 1029 Dionaei
388 989 590 1042 processit
616 987 809 1029 Caesaris
835 995 1007 1037 astrum,

63 1056 233 1099 astrum,
258 1064 340 1103 quo
367 1058 529 1105 segetes
555 1051 784 1105 gauderent
810 1050 1003 1104 frugibus
1029 1056 1069 1091 et
1093 1063 1176 1103 quo

64 1111 234 1153 duceret
259 1112 409 1166 apricis
434 1113 476 1154 in
502 1113 678 1154 collibus
704 1128 787 1154 uva
813 1113 1007 1154 colorem.

61 1174 209 1224 insere,
234 1174 420 1229 Daphni,
445 1176 557 1230 piros
566 1192 576 1225 3
603 1182 773 1230 carpent
797 1183 870 1216 tua
893 1190 1019 1230 poma
1042 1173 1242 1229 nepotes?
1440 1182 1482 1212 50

63 1236 201 1277 omnia
224 1236 306 1277 fert
329 1244 456 1287 aetas,
483 1237 669 1278 animum
694 1251 862 1291 quoque
871 1253 881 1286 3
908 1252 1032 1292 saepe
1058 1250 1137 1291 ego
1162 1236 1310 1291 longos

63 1298 267 1340 cantando
292 1314 469 1354 puerum
493 1300 664 1342 memini
695 1315 760 1341 me
787 1300 965 1342 condere
991 1299 1118 1340 soles:

60 1376 173 1403 nunc
198 1362 327 1403 oblita
350 1363 451 1404 mihi
475 1370 535 1404 tot
561 1363 763 1404 carmina:
790 1378 871 1404 vox
897 1377 1064 1416 quoque
1088 1360 1272 1403 Moerim

60 1423 144 1464 iam
168 1423 277 1479 fugit
299 1424 409 1479 ipsa3
434 1425 522 1480 lupi
547 1425 730 1467 Moerim
754 1425 894 1466 videre
918 1425 1089 1479 priores.

62 1486 136 1527 sed
159 1494 298 1527 tamen
321 1487 400 1528 ista
425 1488 523 1529 satis
547 1488 700 1529 referet
725 1487 800 1528 tibi
825 1502 949 1542 saepe
973 1487 1205 1528 Menalcas.
1438 1497 1478 1527 55

60 1547 141 1589 ΙΝ.
174 1547 399 1590 Causando
422 1557 585 1591 nostros
609 1550 652 1591 in
677 1550 851 1605 longum
878 1549 994 1591 ducis
1020 1564 1195 1590 amores.

62 1618 101 1652 et
125 1626 236 1652 nunc
260 1626 382 1653 omne
406 1612 482 1653 tibi
507 1620 683 1654 stratum
710 1613 802 1654 silet
826 1626 981 1666 aequor
1006 1620 1047 1653 et
1072 1626 1229 1661 omnes,

61 1673 212 1728 aspice,
238 1674 396 1715 ventosi
423 1675 661 1717 ceciderunt
684 1675 906 1716 murmuris
933 1689 1071 1715 aurae.

59 1734 156 1776 hinc
181 1735 284 1776 adeo
310 1736 448 1778 media
471 1744 533 1778 est
556 1737 676 1778 nobis
702 1737 788 1786 via3
813 1751 994 1789 namque
1019 1735 1285 1791 sepulchrum

59 1797 205 1852 incipit
229 1813 430 1853 apparere
454 1799 667 1841 Bianoris:
694 1799 773 1847 hic,
800 1799 874 1840 ubi
899 1799 1047 1840 densas
1436 1813 1478 1843 60

61 1859 266 1914 agricolae
292 1861 500 1916 stringunt
524 1861 708 1910 frondes,
734 1861 814 1911 hic,
841 1861 992 1910 Moeri,
1020 1875 1238 1910 canamus3

60 1921 128 1963 hic
152 1922 307 1964 haedos
333 1923 508 1978 depone,
534 1932 674 1965 tamen
700 1924 914 1965 veniemus
939 1923 982 1964 in
1006 1924 1166 1964 urbem.

62 1992 133 2026 aut
156 1985 203 2034 si,
229 2000 312 2026 nox
337 1987 523 2041 pluviam
547 2002 600 2028 ne
625 1987 794 2042 colligat
819 1995 928 2036 ante,
954 2001 1159 2034 veremur,

62 2055 273 2089 cantantes
298 2048 393 2090 licet
418 2064 550 2103 usque
577 2049 730 2101 (minus
756 2050 824 2090 via
848 2049 992 2099 laedit)
1019 2064 1181 2097 eamus;

62 2118 274 2152 cantantes
299 2119 345 2152 ut
370 2127 525 2161 eamus,
552 2127 630 2167 ego
656 2113 734 2153 hoc
760 2120 800 2153 te
825 2112 938 2153 fasce
962 2112 1124 2152 levabo.
1435 2129 1475 2159 65

60 2172 152 2214 Mo.
182 2172 340 2215 Desine
365 2175 498 2229 plura,
523 2189 640 2229 puer,
666 2183 707 2216 et
731 2174 843 2228 quod
868 2189 979 2215 nunc
1003 2174 1129 2214 instat
1153 2189 1346 2229 agamus;

62 2235 244 2277 carmina
268 2243 356 2278 tum
380 2238 541 2287 melius,
568 2252 663 2279 cum
688 2237 845 2279 venerit
871 2237 974 2292 ipse,
1000 2251 1210 2278 canemus.
