1654 2837
103 147 173 180 XX

356 155 410 182 DE
427 155 524 183 VITA
543 153 865 186 CARMIMBUSQUE
885 153 1064 181 VERGILII
1079 154 1285 183 PROLUSIO.

102 225 192 261 vitia
231 226 387 273 Vergilii
429 227 585 271 notavit,
631 226 809 262 Perellius
836 237 878 261 eo
896 226 1109 272 ostenditur,
1132 228 1229 273 quod
1244 227 1427 264 inferioris
1442 229 1542 264 aeta-

102 270 260 306 Faustus
277 276 314 306 et
327 272 368 314 Q.
384 272 556 308 Octavius
569 273 699 307 Avitus
714 272 810 307 furta
835 272 882 306 tis
918 275 1049 317 poetae
1087 283 1158 318 quo
1191 273 1401 320 diligentius
1439 274 1543 308 illum

103 317 336 362 collegerunt.
372 318 452 363 ipse
475 318 654 352 Asconius
678 317 809 352 Pedia·
835 316 968 352 imitati
1000 322 1136 362 essent,
1170 329 1213 354 eo

101 373 181 405 nus,
191 363 253 406 qui
269 366 395 398 contra
410 363 670 398 obtrectatores
678 366 808 408 poetae

103 407 257 452 scripsit,
282 409 397 442 ‘cirea
413 408 615 442 historiam'
636 408 809 453 quosdam

103 463 241 487 errores
256 456 292 488 et
305 454 401 499 quod
414 454 588 498 pleraque
602 464 644 488 ex
652 454 810 488 Homero

103 498 315 543 sumpsisset
347 499 380 533 ei
411 499 556 540 obiecit,
591 508 809 543 quamquam

103 543 256 588 addidit,
280 544 349 578 hoc
370 545 488 589 ipsum
506 544 640 578 crimen
658 544 711 578 sic
729 555 808 579 eum

103 587 299 623 defendere
328 590 472 623 solitum
501 600 597 624 esse:
631 592 712 624 ‘cur
739 600 810 624 non

100 633 156 667 illi
169 643 312 679 quoque
323 636 450 669 eadem
461 634 559 669 furta
568 634 810 679 temptarent?

100 689 224 713 verum
255 680 518 723 intellecturos,
557 680 700 714 facilius
733 691 809 714 esse

102 723 253 759 Herculi
276 726 415 759 clavam
432 736 540 770 quam
556 726 716 760 Homero
732 736 808 759 ver-

102 780 181 803 sum
200 770 451 815 subripere'77.

163 814 451 859 Obtrectatorcs,
487 815 548 860 qui
587 816 624 849 in
658 815 809 860 singulis

101 859 190 894 loeis
228 861 455 906 exagitandis
490 861 644 895 maxime
677 861 810 895 versati

103 915 181 939 esse
210 906 389 950 videntur,
419 907 605 940 doctorum
634 906 808 950 interpre-

101 953 178 984 tum
230 951 350 986 studia
400 951 664 994 excitaverunt,
712 952 810 995 apud

102 999 240 1030 ceteros
267 997 367 1030 nulla
388 997 464 1031 fere
488 997 634 1030 fuerunt
657 997 809 1031 auctori-

101 1044 188 1076 tate.
230 1042 362 1076 etenim
395 1042 479 1076 dum
512 1042 713 1076 Romanuin
746 1042 809 1075 im-

102 1087 242 1131 perium
259 1088 380 1121 stabat
392 1087 583 1121 maximam
597 1088 707 1121 fuisse
722 1087 809 1122 Ver-

102 1132 183 1177 gilii
229 1133 524 1176 admirationcm,
576 1144 648 1166 non
696 1133 810 1166 solum

101 1177 385 1212 testimoniorum
398 1178 433 1211 vi
442 1179 483 1222 7³,
495 1178 559 1212 sed
573 1178 689 1223 magis
703 1178 811 1212 etiam

102 1259 146 1283 tia
157 1259 298 1284 vitiorum
311 1260 487 1290 pessimum:
507 1266 576 1284 nam
596 1261 694 1285 cetera
708 1266 810 1290 parum

101 1294 241 1323 vitantur,
262 1293 318 1317 hoc
337 1295 456 1324 petitur.
481 1295 526 1318 est
544 1295 642 1317 autem
667 1295 761 1317 totum
780 1293 811 1317 in

102 1327 289 1352 elocutione.⁷
326 1328 401 1352 dixit
431 1328 467 1352 de
492 1327 640 1358 Agrippae
664 1327 813 1352 sententia

103 1361 287 1386 Ribbeckius
317 1362 391 1392 prol.
422 1369 449 1392 p.
475 1363 534 1386 100.
565 1362 638 1386 mihi
674 1361 731 1386 hoc
761 1361 812 1385 ille

102 1395 231 1420 voluisse
250 1395 382 1420 videtur:
408 1396 572 1427 Vergilium
593 1396 648 1419 etsi
666 1397 812 1420 tumorem

102 1430 135 1454 in
153 1429 279 1454 dicendo
298 1431 420 1455 vitasset
440 1432 468 1453 et
488 1429 694 1454 communibus
713 1429 812 1454 verbis

102 1471 171 1488 usus
198 1466 283 1492 esset.
311 1464 500 1488 contendisse
527 1466 627 1488 tamen
646 1463 726 1487 mala
744 1470 812 1494 qua-

104 1497 171 1522 dam
192 1498 389 1522 adfectatione
411 1498 591 1527 orationem,
618 1498 700 1528 quasi
726 1498 813 1521 rebus

102 1532 231 1556 narratis
244 1532 362 1562 gravius
376 1533 476 1556 auimo
491 1533 736 1560 commoveretur,
747 1538 812 1555 eum

104 1572 135 1591 re
148 1572 219 1590 vera
232 1573 292 1590 non
301 1568 376 1591 esset
388 1566 447 1590 illis
461 1566 667 1590 vehementius
681 1566 812 1590 ail'ectus.

104 1600 181 1631 quod
195 1599 337 1625 iudicium
353 1607 440 1631 quam
460 1601 595 1631 iniquum
615 1600 662 1629 sit,
683 1600 814 1630 quisquis

104 1635 199 1659 libero
228 1634 328 1658 animo
353 1634 390 1658 ad
416 1634 551 1659 Aeneida
579 1634 737 1665 legendam
767 1641 813 1658 ac·

105 1669 228 1693 cesserit
241 1669 327 1693 facile
341 1669 458 1693 sentiet.

139 1703 170 1727 ’Π
191 1702 276 1731 Quod
301 1703 393 1726 nolim
420 1703 461 1727 ita
484 1702 633 1733 intellegi,
666 1703 699 1726 ut
728 1701 814 1726 intel-

105 1736 214 1761 lexisse
237 1735 355 1761 videtur
373 1737 583 1768 Hieronymus,
608 1736 710 1767 (praef.
732 1736 814 1760 hebr.

104 1772 216 1802 quaest.
242 1771 273 1794 in
299 1771 440 1796 Genesim
466 1771 594 1795 tom.111
615 1778 641 1801 p.
655 1772 704 1794 :301
724 1768 813 1800 Vall.)

105 1805 189 1835 quasi
205 1804 346 1835 gloriatus
360 1805 398 1829 sit
411 1804 568 1835 Vergilius,
589 1804 764 1834 surripuisse
784 1811 815 1828 se

105 1839 237 1863 Homero
250 1846 361 1867 versus,
372 1839 531 1870 perfecisse
547 1839 636 1868 igitur
649 1846 709 1863 rem
725 1838 814 1862 inaxi-

106 1879 199 1897 mam:
220 1873 311 1897 immo
332 1873 387 1897 hoc
400 1873 494 1897 voluit
506 1873 663 1903 proverbio
683 1872 733 1896 illo
748 1879 814 1896 usus
855 1880 859 1881 ⁷

107 1906 272 1937 ostendere,
294 1907 415 1931 Homeri
436 1907 603 1937 exemplum
624 1907 653 1930 in
673 1906 772 1930 multis
785 1913 815 1931 se

107 1940 226 1972 quidem
246 1941 332 1965 rebus
346 1941 492 1965 imitatum
507 1948 570 1965 esse
584 1942 612 1965 et
625 1941 662 1964 ad
681 1940 760 1970 leges
779 1941 814 1964 al)

108 1981 143 1999 eo
156 1975 330 1999 constitutas
343 1982 414 2005 opus
429 1982 511 1999 suum
527 1974 679 2005 direxisse,
699 1974 751 1999 sed
765 1981 814 1998 no·

107 2009 197 2033 luisse
211 2016 278 2033 eum
291 2015 326 2034 eo
340 2009 377 2033 <le
390 2009 488 2039 palma
501 2011 622 2039 certare,
633 2016 667 2033 ac
680 2014 717 2032 ne
730 2015 815 2039 posse

108 2043 227 2074 quidem
247 2043 283 2067 ab
302 2043 363 2067 ullo
383 2049 452 2067 suae
472 2043 576 2068 aetatis
595 2044 682 2073 pocta
701 2042 815 2073 epicum

109 2083 228 2102 carmen
249 2077 345 2108 condi,
372 2077 449 2108 quod
471 2084 537 2101 cum
556 2077 717 2101 Homerico
737 2078 816 2101 recte

109 2113 339 2141 compararetur.
365 2112 491 2136 Romani
512 2111 589 2142 quod
608 2110 743 2139 neglecta
762 2110 815 2135 hac

109 2145 258 2170 sententia
288 2151 354 2169 eum
385 2146 515 2170 Homero
546 2145 710 2175 Vergilium
749 2152 815 2169 con-

108 2179 241 2204 tulerunt
261 2178 360 2210 (Prop.
376 2179 419 2203 III
438 2180 478 2209 33,
499 2179 546 2210 653
573 2179 721 2203 Domitius
746 2179 817 2203 Afer

109 2221 155 2244 ap.
176 2212 300 2242 Quintil.
319 2213 344 2237 X
365 2214 387 2244 1,
407 2215 454 2244 863
479 2213 594 2237 Plinius
618 2221 647 2237 n.
673 2213 700 2237 h.
725 2213 815 2244 praef.

110 2247 166 2278 22),
192 2247 287 2271 videri
312 2246 452 2271 volebant
482 2247 538 2278 ipsi
562 2249 678 2277 poetam
709 2247 816 2272 habere

109 2282 241 2307 Homero
255 2282 279 2305 si
293 2288 352 2305 non
367 2288 476 2312 parem,
495 2283 525 2305 at
539 2283 618 2305 certe
638 2281 781 2305 similem:
801 2289 816 2306 a

110 2315 198 2340 nobis
216 2315 279 2340 eius
298 2315 378 2339 modi
405 2316 594 2345 comparatio,
619 2322 706 2346 quam
731 2317 817 2345 poeta

110 2350 174 2380 ipse
192 2350 294 2380 vetuit,
315 2356 375 2373 uon
394 2349 483 2374 (lebet
502 2349 625 2373 institui.
639 2361 673 2366 -—
685 2351 815 2373 ceterum

111 2383 190 2415 quod
208 2390 245 2408 ex
265 2383 386 2407 Asconii
412 2383 498 2414 libro,
518 2385 550 2407 ut
568 2383 694 2412 videtur,
714 2382 816 2407 Sueto-

110 2418 178 2442 nius
192 2417 305 2442 addidit
320 2416 362 2441 ‘et
376 2419 474 2441 tamen
490 2417 654 2441 destinasse
667 2417 815 2447 secedere,

110 2453 143 2476 ut
165 2452 265 2476 omnia
283 2451 319 2476 ad
339 2451 504 2476 satietatem
531 2451 743 2475 malevolorum
769 2451 816 2475 dc-

112 2485 243 2515 cideret,'
273 2492 334 2510 non
362 2488 432 2516 puto
457 2485 579 2509 omnino
603 2485 816 2515 repudiandum

112 2526 190 2545 esse:
203 2526 299 2551 neque
312 2519 391 2544 enim
404 2520 468 2544 veri
481 2519 625 2544 dissimile
639 2521 816 2549 cst,pocta1n

110 2554 143 2578 in
157 2553 344 2578 emendando
359 2554 489 2578 carmine
502 2553 532 2577 id
546 2560 660 2584 quoque
674 2556 817 2583 spectatu<

100 2594 176 2613 rrum
190 2588 288 2618 fuisse,
308 2589 340 2612 ut
352 2587 494 2618 quosdam
509 2588 589 2611 locos
610 2587 703 2611 nimia
722 2588 816 2611 imita-

112 2623 194 2647 tione
208 2629 243 2646 ex
258 2622 380 2646 Homeri
394 2621 478 2646 libris
493 2621 650 2646 translatos
664 2623 799 2645 mutaret.

146 2657 179 2681 78
198 2656 297 2681 Veluti
321 2656 436 2680 Plinius
456 2656 542 2686 epist.
558 2655 599 2679 [Π
617 2657 641 2685 7,
654 2656 670 2679 8
690 2655 725 2679 de
751 2655 816 2679 Silii

1243 330 1309 365 pro
1338 320 1393 354 ius
1425 329 1463 354 se
1494 318 1544 353 ad

836 373 974 397 summa
991 363 1187 398 accessisse
1204 365 1311 399 crede
1341 367 1413 408 ant,
1431 367 1543 408 atque

836 407 1028 453 scriptores
1044 408 1153 442 etiam
1170 409 1217 443 ad
1233 409 1390 455 Vergilii
1412 408 1544 444 oratio-

836 464 918 487 nem
955 464 1057 488 suam
1089 454 1376 489 conformabant.
1422 465 1466 489 ae
1495 464 1543 489 ne

836 498 955 532 medio
989 498 1137 543 quidem
1168 510 1258 534 aevo
1289 504 1353 534 aut
1383 499 1544 545 proxime

836 543 1008 578 insecutis
1040 544 1193 578 saeculis
1225 555 1305 580 eam
1336 544 1544 580 admiratio-

837 600 920 623 nem
949 600 1170 635 magnopere
1206 589 1432 625 imminutam
1465 600 1544 624 esse

837 634 1010 668 videmus.
1038 636 1102 669 sed
1119 634 1393 670 Homericorum
1415 635 1542 670 carmi-

837 691 922 714 num
933 680 1134 714 rationibus
1146 681 1345 726 perspectis
1360 680 1544 715 Aeneidos

837 725 915 759 laus
937 725 1123 759 obscurari
1145 730 1276 771 coepta
1298 730 1363 761 est.
1400 737 1444 761 ac
1470 725 1543 771 pri-

837 781 932 804 mum
944 771 1140 815 prudentes
1152 771 1401 815 viri‚quamvis
1411 771 1544 805 doctri-

837 826 920 849 nam
937 819 974 849 et
990 815 1218 861 diligentiam
1235 820 1365 861 poetae
1388 816 1543 851 admira-

836 864 970 903 rentur,
996 861 1207 896 dubitarunt
1228 866 1368 905 tamen,
1392 873 1477 896 num
1501 871 1545 895 ea

838 917 930 951 quae
948 907 992 940 de
1007 905 1155 941 Aeneae
1172 907 1209 939 in
1226 907 1370 941 ltaliam
1387 907 1546 940 adventu

837 955 945 996 atque
971 952 1016 986 de
1038 952 1146 986 rebus
1166 951 1219 986 ibi
1242 952 1289 986 ab
1313 962 1356 986 eo
1377 952 1492 997 gestis
1509 955 1546 986 et

838 997 1011 1031 institutis
1034 996 1255 1038 ferebantur,
1280 1007 1361 1031 cum
1385 1008 1408 1032 a
1430 996 1546 1031 doctis

838 1042 1041 1076 hominibus
1053 1042 1210 1085 inventa,
1225 1053 1296 1076 non
1308 1042 1546 1087 popularibus

838 1087 1055 1122 carminibus
1065 1098 1108 1122 ex
1117 1087 1335 1131 antiquitate
1343 1090 1547 1133 propagata

838 1136 968 1177 essent,
985 1136 1039 1166 tot
1056 1133 1208 1167 saeculis
1225 1137 1308 1178 post
1323 1144 1399 1167 rem
1415 1134 1546 1166 Roma-

838 1189 921 1212 nam
938 1178 1119 1212 conditam
1142 1179 1194 1212 ita
1211 1177 1394 1223 potuerint
1410 1177 1547 1223 expleri

839 1227 874 1257 et
888 1223 1057 1266 describi,
1071 1227 1111 1257 ut
1122 1234 1179 1257 res
1192 1223 1445 1258 vetustissimis
1456 1227 1546 1257 tem-

839 1268 986 1313 poribus
997 1278 1082 1302 vcre
1096 1268 1228 1312 factae,
1237 1279 1412 1313 personae
1425 1271 1547 1303 autem

839 1324 922 1347 vere
940 1313 1108 1348 heroicae
1123 1324 1200 1348 esse
1214 1314 1439 1348 viderentur:
1456 1313 1547 1349 Ver-

839 1359 966 1405 gilium
998 1363 1095 1393 certe
1123 1359 1161 1393 id
1188 1370 1258 1394 non
1288 1369 1365 1393 esse
1397 1358 1547 1394 adsecu-

839 1411 914 1438 tum
928 1405 968 1439 79.
1014 1405 1106 1439 haee
1144 1404 1218 1439 sive
1257 1404 1436 1439 dubitatio
1473 1404 1548 1438 sive

839 1450 1071 1495 reprehensio
1102 1453 1232 1495 postea
1263 1450 1309 1484 ab
1341 1449 1548 1484 hominibus

840 1496 956 1529 minus
986 1499 1092 1529 caute
1121 1495 1365 1529 iudicantibus
1394 1498 1548 1540 excepta

841 1545 876 1575 et
892 1541 992 1575 novis
1010 1541 1219 1575 criminibus
1237 1544 1344 1575 aucta
1359 1544 1425 1584 est,
1443 1539 1548 1584 quasi

840 1586 928 1620 nibil
945 1597 1057 1631 prope
1074 1586 1111 1619 in
1128 1586 1293 1620 Aeneide
1314 1585 1547 1630 inveniretur,

841 1632 935 1676 quod
970 1632 1093 1675 aliqua
1126 1631 1233 1666 laude
1263 1631 1414 1675 dignum
1441 1633 1546 1666 esset.

841 1677 904 1711 sed
918 1688 998 1711 cum
1011 1688 1056 1710 ne
1069 1676 1106 1709 in
1119 1680 1221 1711 tanta
1233 1677 1381 1721 quidem
1397 1675 1547 1710 iudicio-

840 1734 917 1756 rum
931 1722 1130 1756 accrbitatc
1144 1721 1326 1756 defuerint
1339 1721 1401 1766 qui
1414 1720 1546 1756 Aenei-

841 1768 905 1801 dos
922 1767 1180 1811 praestantiam
1198 1771 1454 1812 agnoscerent,
1471 1771 1547 1801 tum

841 1813 897 1846 his
913 1813 1001 1858 ipsis
1018 1813 1121 1846 annis
1139 1812 1384 1856 extiterunt80‚
1397 1823 1547 1857 quorum

841 1905 994 1936 librorum,
1009 1905 1132 1930 multum
1147 1906 1319 1935 statuarum,
1334 1904 1458 1929 multum
1475 1904 1546 1929 lma-

841 1940 951 1971 gfflum,
962 1946 1032 1970 quas
1040 1946 1100 1964 non
1109 1939 1236 1964 habebat
1249 1939 1336 1963 modo
1344 1945 1447 1963 verum
1457 1938 1548 1964 etiam

841 1974 1053 2004 venerabatur,
1074 1973 1198 2004 Vergilii
1223 1975 1292 1998 ante
1319 1979 1436 2000 omnes.
1464 1972 1547 1998 cuius

842 2007 969 2032 natalem
984 2007 1150 2038 religiosius
1163 2014 1249 2038 quam
1263 2013 1347 2031 suum
1368 2006 1547 2037 celebrabat,

843 2041 967 2073 Neapoli
990 2042 1134 2071 maxime,
1166 2041 1217 2065 ubi
1242 2041 1459 2066 monimentum
1484 2041 1548 2066 eius

842 2076 924 2101 adire
938 2078 969 2100 ut
982 2076 1122 2107 templum
1136 2075 1270 2100 solebat.‘

875 2112 907 2135 79
927 2110 1035 2134 Muuiri
1058 2109 1215 2135 videbatur
1239 2109 1268 2133 id
1293 2108 1436 2133 iudicium
1455 2109 1548 2140 ipsius

842 2144 966 2175 Vergilii
979 2144 1164 2173 auctoritate,
1179 2143 1228 2174 qui
1243 2149 1336 2173 paene
1349 2143 1457 2168 mentis
1474 2143 1548 2168 vitio

843 2181 955 2203 tantum
964 2185 995 2202 se
1003 2185 1074 2209 opus
1087 2178 1242 2202 inchoasse
1255 2177 1439 2208 plurimaque
1452 2177 1549 2202 studia

843 2213 870 2237 ei
900 2213 1051 2243 impertire
1082 2212 1266 2237 adfirmasset
1295 2212 1382 2242 atque
1418 2211 1548 2236 moriens

844 2247 977 2271 Aeneida
995 2246 1128 2271 comburi
1147 2246 1289 2270 iussisset.
1309 2247 1339 2269 at
1358 2244 1394 2270 de
1413 2245 1548 2276 amplitu-

843 2281 912 2305 ‹line
931 2282 960 2305 et
979 2281 1063 2311 copia
1080 2280 1255 2311 argumenti,
1276 2286 1362 2310 quam
1381 2279 1431 2304 vix
1450 2280 1549 2310 posset

843 2316 942 2339 mente
956 2314 1121 2345 complecti,
1137 2316 1255 2345 questus
1269 2320 1333 2338 esse
1345 2312 1476 2344 videtur3
1489 2314 1549 2338 stu-

844 2350 893 2373 ‹lia
906 2350 1003 2374 autem
1024 2349 1075 2373 illa
1093 2349 1129 2373 ad
1146 2348 1365 2379 antiquissimas
1379 2347 1483 2372 ltaliae
1501 2353 1548 2372 res

843 2382 1063 2414 cognoscendas
1096 2383 1224 2406 maxime
1259 2383 1408 2413 pertinere
1442 2381 1547 2412 voluit,

843 2417 948 2448 quibus
961 2423 1048 2448 quam
1061 2416 1213 2441 verissime
1229 2415 1383 2446 descriptis
1393 2415 1548 2440 vetustatis

844 2451 944 2481 opinio
968 2452 998 2475 in
1022 2450 1183 2482 legentium
1208 2450 1316 2474 animis
1346 2448 1548 2481 suscitareturg

844 2485 971 2515 denique
983 2485 1060 2516 quod
1074 2491 1192 2509 carmen
1207 2484 1254 2508 edi
1267 2483 1370 2513 vetuit,
1389 2490 1449 2508 non
1469 2482 1549 2507 dam-

844 2519 926 2543 navit
939 2526 1010 2550 opus
1022 2521 1170 2549 tamquam
1185 2518 1278 2542 nimia
1286 2517 1395 2542 fiducia
1404 2518 1432 2542 et
1441 2517 1549 2542 frustra

844 2554 1001 2583 inceptum,
1023 2552 1074 2577 scd
1088 2553 1111 2577 si
1127 2553 1181 2583 ipsi
1196 2552 1287 2576 editio
1302 2557 1443 2576 concessa
1461 2551 1548 2582 esset,

843 2587 959 2612 multa
973 2588 1042 2611 ante
1055 2594 1086 2612 se
1100 2587 1323 2611 emendaturum
1337 2585 1426 2610 fuisse
1440 2584 1549 2616 signifi-

844 2622 930 2646 cavit.

876 2657 909 2680 80
927 2655 1054 2680 Nomino
1074 2654 1309 2679 Theodorum
1327 2653 1473 2682 Pluess‚
1499 2652 1549 2684 qui

112 2690 208 2717 Italici
228 2690 307 2716 villis
329 2690 401 2716 haec
426 2690 516 2715 refert
542 2689 681 2715 ‘multum
708 2689 817 2723 ubique
843 2696 921 2714 anno
947 2690 1013 2715 1884
1037 2688 1145 2714 librum
1170 2688 1276 2722 edidit,
1303 2687 1354 2724 qui
1377 2687 1548 2715 inscribitur
