1622 2847
485 129 778 169 GEORGICON
801 130 897 165 LIB.
922 129 987 166 IV.

63 235 166 278 haec
191 236 345 277 circum
371 235 507 277 casiae
532 235 683 276 virides
708 242 748 276 et
773 234 923 275 olentia
949 234 1030 275 late

64 298 244 353 serpulla
269 306 308 339 et
332 297 514 353 graviter
538 297 732 352 spirantis
757 297 876 351 copia
900 296 1119 351 thymbrae

63 360 206 402 floreat
230 360 525 415 inriguumque
549 359 696 400 bibant
719 358 892 400 violaria
915 358 1086 400 fontem.

62 421 153 477 ipsa
177 430 328 471 autem,
354 437 428 464 seu
453 421 675 463 corticibus
700 421 775 462 tibi
799 428 893 462 suta
918 421 1074 462 cavatis

64 499 136 525 seu
161 484 272 526 lento
297 484 452 525 fuerint
477 484 632 525 alvaria
656 483 810 525 vimine
835 490 960 532 texta,

63 554 261 601 angustos
287 546 468 588 habeant
494 546 648 587 aditus:
675 561 772 586 nam
797 545 954 600 frigore
977 545 1103 586 mella

63 608 174 663 cogit
197 608 343 658 hiems,
370 609 598 662 eademque
624 609 736 650 calor
760 608 986 661 liquefacta
1010 607 1193 649 remittit.

62 678 238 724 utraque
262 671 324 712 vis
351 671 497 726 apibus
523 671 675 726 pariter
699 670 942 719 metuenda3
976 684 1112 724 neque
1137 670 1231 710 illae

61 732 317 786 nequiquam
342 732 384 774 in
409 732 527 774 tectis
553 732 742 773 certatim
767 731 907 773 tenuia
932 746 1027 773 cera

0 828 1 837 ,
62 794 314 848 spiramenta
338 795 472 835 linunt
497 795 676 848 fucoque
702 802 743 836 et
766 795 937 835 floribus
963 809 1056 835 oras

0 880 1 887 κ
63 857 229 911 explent
254 857 556 912 collectumque
580 857 683 899 haec
707 857 797 912 ipsa
822 857 875 898 ad
899 871 1073 898 munera
1097 856 1242 911 gluten

62 926 103 960 et
127 919 238 961 visco
264 927 305 961 et
328 919 540 975 Phrygiae
565 927 731 961 servant
755 919 847 975 pice
871 919 1022 961 lentius
1048 919 1162 960 Idae.

62 996 187 1036 saepe
212 982 336 1024 etiam
362 983 537 1032 effossis,
563 983 597 1024 si
621 998 720 1024 vera
743 990 805 1024 est
829 982 953 1031 fama,
980 982 1149 1023 latebris

62 1044 140 1084 sub
166 1051 275 1086 terra
299 1045 439 1087 fovere
464 1045 605 1094 larem,
630 1045 879 1100 penitusque
904 1052 1091 1099 repertae

61 1107 381 1161 pumicibusque
406 1108 518 1149 cavis
544 1121 777 1161 exesaeque
802 1106 960 1148 arboris
986 1114 1116 1148 antro.

61 1175 107 1209 tu
131 1178 270 1211 tamen
294 1178 335 1211 et
358 1170 440 1212 levi
463 1170 616 1211 rimosa
641 1170 793 1211 cubilia
816 1169 916 1211 limo

61 1246 202 1287 ungue
225 1232 372 1274 fovens
398 1232 554 1274 circum
579 1240 619 1274 et
643 1247 758 1274 raras
784 1232 1016 1287 superinice
1041 1231 1223 1273 frondes.

60 1308 143 1335 neu
166 1294 337 1350 propius
362 1295 479 1336 tectis
504 1303 649 1336 taxum
674 1295 775 1344 sine,
801 1309 908 1336 neve
932 1294 1119 1336 rubentis

61 1371 134 1398 ure
159 1357 252 1398 foco
277 1371 461 1407 cancros,
488 1358 594 1398 altae
619 1373 702 1398 neu
728 1356 850 1399 crede
874 1356 1031 1412 paludi,

62 1426 134 1460 aut
157 1419 230 1460 ubi
254 1420 356 1461 odor
380 1421 497 1462 caeni
520 1421 660 1475 gravis
686 1428 756 1461 aut
780 1420 853 1461 ubi
879 1434 1061 1461 concava
1084 1419 1207 1475 pulsu

61 1496 163 1523 saxa
187 1490 336 1524 sonant
360 1483 555 1537 vocisque
581 1482 742 1524 offensa
765 1482 937 1524 resultat
961 1482 1113 1538 imago.

119 1543 245 1596 Quod
269 1553 468 1601 superest,
493 1545 566 1586 ubi
589 1545 753 1600 pulsam
777 1545 955 1587 hiemem
983 1545 1044 1587 sol
1069 1559 1218 1587 aureus
1245 1544 1330 1599 egit

62 1607 141 1649 sub
166 1616 295 1649 terras
321 1608 566 1662 caelumque
591 1608 749 1649 aestiva
772 1608 865 1649 luce
890 1607 1070 1657 reclusit,

60 1669 156 1712 illae
181 1670 376 1712 continuo
402 1671 530 1712 saltus
557 1670 765 1725 silvasque
790 1678 1015 1725 peragrant

61 1748 376 1789 purpureosque
400 1741 561 1775 metunt
586 1734 707 1774 flores
734 1741 772 1775 et
798 1733 971 1774 flumina
996 1733 1128 1774 libant

62 1811 224 1837 summa
246 1796 372 1838 leves.
421 1796 516 1837 hinc
541 1796 680 1837 nescio
707 1810 789 1850 qua
814 1795 1034 1837 dulcedine
1059 1797 1193 1837 laetae

61 1858 305 1914 progeniem
329 1858 530 1912 nidosque
555 1858 710 1907 fovent,
736 1857 832 1899 hinc
859 1865 945 1899 arte
969 1865 1155 1899 recentes

62 1921 274 1963 excudunt
298 1935 411 1962 ceras
437 1929 477 1962 et
500 1921 623 1962 mella
647 1921 808 1962 tenacia
831 1921 1006 1975 fingunt.

62 1983 158 2025 hinc
181 1983 254 2025 ubi
277 1984 359 2024 iam
385 1983 580 2025 emissum
606 1983 742 2025 caveis
768 1983 821 2024 ad
846 1983 982 2024 sidera
1006 1983 1110 2024 caeli

62 2061 161 2088 nare
185 2061 258 2102 per
283 2053 481 2087 aestatem
506 2045 707 2099 liquidam
733 2045 966 2100 suspexeris
992 2060 1143 2100 agmen

63 2109 366 2164 obscuramque
389 2108 497 2149 trahi
521 2116 644 2149 vento
670 2107 874 2149 mirabere
899 2107 1068 2157 nubem,

63 2171 379 2227 contemplator:
406 2185 536 2225 aquas
563 2170 695 2211 dulcis
721 2178 761 2211 et
785 2170 959 2211 frondea
984 2184 1149 2224 semper

63 2240 173 2275 tecta
195 2241 354 2288 petunt.
402 2233 484 2274 huc
508 2240 552 2274 tu
576 2232 710 2273 iussos
737 2232 940 2287 adsperge
966 2247 1147 2287 sapores,

62 2295 159 2337 trita
182 2295 443 2351 melisphylla
469 2302 507 2337 et
533 2295 742 2336 cerinthae
767 2294 952 2350 ignobile
978 2310 1164 2350 gramen,

63 2358 319 2412 tinnitusque
344 2358 405 2400 cie
432 2366 471 2399 et
495 2357 646 2398 Matris
673 2364 796 2411 quate
822 2357 1015 2412 cymbala
1039 2357 1214 2399 circum:

63 2421 177 2475 ipsae
203 2419 416 2462 consident
440 2420 654 2461 medicatis
680 2419 860 2469 sedibus,
886 2420 1000 2474 ipsae

63 2482 209 2524 intima
232 2497 345 2524 more
370 2498 444 2524 suo
471 2496 559 2524 sese
584 2482 626 2522 in
657 2481 865 2523 cunabula
890 2482 1080 2523 condent.

123 2544 198 2588 Sin
223 2552 362 2587 autem
387 2546 439 2587 ad
463 2560 647 2600 pugnam
674 2544 847 2586 exierint
873 2545 984 2596 (nam
1011 2559 1134 2600 saepe
1161 2545 1323 2586 duobus

65 2608 234 2662 regibus
259 2607 425 2650 incessit
451 2623 602 2663 magno
627 2607 834 2650 discordia
856 2615 991 2657 motu3

1359 118 1412 162 73

1437 241 1479 271 30

1437 550 1478 580 35

1435 863 1479 893 40

1434 1179 1477 1209 45

1435 1491 1478 1522 50

1433 1805 1475 1836 55

1433 2118 1476 2149 60

1433 2431 1474 2460 65
