1622 2847
513 160 804 197 GEORGICON
827 160 923 195 LIB.
949 161 979 195 I.

74 264 170 315 illic,
197 265 379 307 officiant
402 265 520 307 laetis
544 279 597 307 ne
621 265 814 321 frugibus
839 264 1006 312 herbae,

74 326 156 377 hic,
182 327 362 369 sterilem
387 327 564 383 exiguus
588 343 641 370 ne
665 328 828 369 deserat
853 341 973 367 umor
996 326 1207 367 harenam.

130 390 316 431 Alternis
340 390 450 431 idem
475 398 615 431 tonsas
641 405 801 431 cessare
826 389 986 430 novalis

76 458 116 493 et
140 466 310 506 segnem
334 452 490 507 patiere
515 452 597 493 situ
622 452 840 493 durescere
867 466 1080 506 campum3

76 520 148 554 aut
170 513 228 554 ibi
251 514 360 555 flava
384 529 494 556 seres
519 521 677 555 mutato
703 514 836 555 sidere
861 513 986 572 farra,

74 575 186 616 unde
210 576 323 630 prius
347 575 503 618 laetum
528 576 676 630 siliqua
701 583 924 630 quassante
949 575 1145 630 legumen

76 644 147 678 aut
170 638 304 679 tenuis
330 638 439 680 fetus
464 637 596 680 viciae
621 638 832 692 tristisque
856 637 989 692 lupini

75 701 287 742 sustuleris
313 701 471 756 fragilis
498 701 678 742 calamos
704 701 934 754 silvamque
960 706 1188 741 sonantem.

77 762 156 803 urit
181 763 291 804 enim
314 763 387 804 lini
412 778 607 819 campum
633 778 766 818 seges,
792 763 874 804 urit
899 777 1070 812 avenae,

74 833 201 866 urunt
225 825 413 867 Lethaeo
427 827 606 881 ‚perfusa
630 841 840 881 papavera
864 839 1026 866 somno:

75 886 148 927 sed
174 895 313 929 tamen
337 888 504 929 alternis
529 888 660 929 facilis
685 888 816 937 labor,
842 887 957 928 arida
981 894 1142 927 tantum

75 963 126 989 ne
151 958 336 991 saturare
360 950 458 991 fimo
482 950 626 1005 pingui
652 951 807 1005 pudeat
833 949 920 991 sola
944 964 1049 991 neve

75 1009 220 1052 effetos
246 1011 426 1054 cinerem
450 1012 712 1053 immundum
735 1013 889 1053 iactare
914 1027 988 1066 per
1013 1025 1147 1066 agros.

75 1072 134 1114 sic
158 1087 324 1127 quoque
348 1074 516 1115 mutatis
540 1075 807 1128 requiescunt
830 1074 983 1116 fetibus
1010 1089 1124 1122 arva,

74 1150 151 1177 nec
174 1137 289 1177 nulla
312 1137 468 1178 interea
493 1146 554 1178 est
578 1137 762 1178 inaratae
787 1136 921 1192 gratia
946 1144 1093 1178 terrae.

75 1212 198 1252 saepe
224 1198 349 1239 etiam
373 1199 530 1240 steriles
555 1199 776 1241 incendere
800 1198 956 1253 profuit
982 1213 1104 1253 agros

75 1268 198 1314 atque
222 1260 359 1302 levem
385 1261 579 1316 stipulam
605 1261 900 1316 crepitantibus
926 1275 1045 1301 urere
1071 1259 1266 1310 flammis3

75 1321 161 1363 sive
185 1322 282 1364 inde
306 1324 488 1364 occultas
513 1323 620 1365 vires
646 1332 685 1365 et
709 1323 865 1378 pabula
888 1330 1021 1364 terrae

73 1384 247 1439 pinguia
272 1385 523 1441 concipiunt,
550 1386 636 1427 sive
661 1386 740 1427 illis
766 1400 887 1426 omne
912 1399 986 1440 per
1009 1384 1151 1439 ignem

75 1447 320 1500 excoquitur
343 1448 489 1489 vitium
514 1455 638 1502 atque
664 1448 818 1489 exudat
841 1447 998 1488 inutilis
1023 1461 1156 1496 umor,

75 1523 148 1550 seu
173 1510 302 1564 pluris
329 1511 440 1551 calor
463 1511 532 1552 ille
557 1511 645 1552 vias
672 1519 712 1552 et
738 1525 862 1552 caeca
886 1510 1046 1551 relaxat

75 1571 341 1626 spiramenta,
367 1587 496 1614 novas
520 1573 659 1614 veniat
683 1588 766 1628 qua
792 1587 916 1614 sucus
940 1572 983 1613 in
1007 1571 1171 1621 herbas,

74 1649 149 1675 seu
173 1634 293 1675 durat
317 1635 449 1690 magis
476 1643 516 1677 et
540 1650 667 1677 venas
693 1635 913 1690 adstringit
937 1634 1103 1683 hiantis,

73 1711 126 1738 ne
150 1704 294 1739 tenues
318 1698 484 1752 pluviae
507 1698 694 1753 rapidive
718 1697 904 1753 potentia
930 1697 1027 1738 solis

74 1758 207 1800 acrior
230 1767 302 1800 aut
326 1760 487 1802 Boreae
511 1760 767 1816 penetrabile
791 1760 924 1815 frigus
950 1759 1109 1800 adurat.

129 1821 315 1863 Multum
339 1823 457 1873 adeo,
482 1823 623 1864 rastris
648 1823 820 1878 glaebas
845 1822 916 1876 qui
941 1821 1096 1876 frangit
1120 1820 1261 1861 inertis

74 1883 359 1939 vimineasque
384 1885 508 1927 trahit
533 1894 679 1935 crates,
705 1886 821 1926 iuvat
845 1900 957 1933 arva,
982 1898 1120 1938 neque
1144 1883 1261 1926 illum

74 1947 183 1988 flava
207 1946 335 1990 Ceres
361 1949 443 1990 alto
466 1949 721 2002 nequiquam
746 1955 907 2003 spectat
931 1946 1138 2002 Olympo;

75 2017 117 2051 et
139 2009 221 2063 qui,
248 2011 455 2065 proscisso
481 2026 588 2065 quae
614 2011 785 2052 suscitat
810 2024 990 2063 aequore
1016 2017 1147 2064 terga,

74 2087 217 2113 rursus
239 2072 283 2113 in
307 2073 524 2128 obliquum
548 2088 668 2115 verso
692 2072 922 2128 perrumpit
947 2080 1096 2120 aratro,

75 2143 321 2189 exercetque
346 2136 541 2190 frequens
567 2137 757 2178 tellurem
783 2144 908 2188 atque
931 2135 1108 2189 imperat
1133 2134 1256 2176 arvis.

130 2196 288 2239 Umida
312 2198 485 2240 solstitia
509 2206 633 2252 atque
657 2198 814 2239 hiemes
839 2205 953 2238 orate
978 2212 1158 2246 serenas,

77 2260 299 2315 agricolae:
326 2261 499 2302 hiberno
524 2260 749 2302 laetissima
773 2260 942 2315 pulvere
967 2260 1091 2309 farra,

75 2323 210 2364 laetus
235 2338 350 2378 ager3
375 2324 489 2365 nullo
514 2331 676 2364 tantum
703 2338 746 2364 se
770 2322 914 2377 Mysia
938 2322 1054 2363 cultu

75 2384 203 2426 iactat
225 2392 266 2426 et
288 2385 379 2440 ipsa
403 2401 498 2427 suas
522 2386 725 2426 mirantur
749 2384 941 2440 Gargara
965 2399 1133 2426 messes.

77 2446 177 2501 quid
202 2447 349 2497 dicam,
374 2448 481 2490 iacto
506 2449 577 2502 qui
603 2448 758 2490 semine
783 2447 1012 2489 comminus
1039 2462 1139 2488 arva

77 2509 307 2563 insequitur
331 2511 601 2564 cumulosque
626 2511 708 2551 ruit
731 2510 838 2550 male
863 2509 1029 2564 pinguis
1056 2509 1248 2557 harenae,

79 2572 227 2614 deinde
252 2573 349 2613 satis
373 2573 546 2614 fluvium
570 2573 728 2613 inducit
751 2572 946 2625 rivosque
972 2571 1182 2625 sequentis

79 2642 133 2685 et,
158 2649 253 2677 cum
277 2643 446 2677 exustus
472 2650 571 2690 ager
595 2634 865 2677 morientibus
890 2642 1051 2675 aestuat
1076 2633 1229 2682 herbis,

1364 152 1416 192 31

1443 334 1485 364 70

1448 645 1488 675 75

1446 957 1489 988 80

1446 1268 1488 1299 85

1447 1581 1489 1611 90

1445 1893 1486 1924 95

1446 2206 1509 2236 100

1446 2517 1509 2546 105
