1660 2847
177 376 241 407 110

177 689 239 720 115

177 1000 240 1031 120

176 1312 237 1343 125

176 1626 239 1657 130

176 1940 238 1971 135

177 2254 240 2284 140

268 124 349 168 278
678 133 721 171 Ρ,
741 132 953 169 VERGILI
977 133 1201 170 MARONIS

266 240 372 281 Tros
397 237 633 281 Rutulusve
656 236 760 287 fuat,
785 237 899 278 nullo
924 237 1160 280 discrimine
1185 238 1364 291 habebo,

266 317 339 343 seu
365 301 460 343 fatis
486 300 639 341 Italum
665 306 800 342 castra
824 299 1040 341 obsidione
1064 307 1256 342 tenentur

265 365 352 406 sive
377 378 513 406 errore
537 363 647 403 malo
672 362 824 404 Troiae
848 361 1099 416 monitisque
1124 364 1310 405 sinistris.

264 441 342 469 nec
364 426 545 468 Rutulos
570 425 698 466 solvo.
747 440 823 466 sua
848 424 1000 479 cuique
1025 439 1172 467 exorsa
1196 426 1382 468 laborem

265 490 558 542 fortunamque
582 487 728 529 ferent.
777 502 850 529 rex
875 486 1064 542 Iuppiter
1088 489 1281 530 omnibus
1305 489 1430 531 idem.

264 553 351 594 fata
375 552 484 592 viam
507 549 747 591 invenient.'
799 549 938 604 Stygii
962 564 1035 604 per
1059 550 1230 591 flumina
1255 550 1407 600 fratris,

265 630 339 670 per
362 614 454 669 pice
480 612 673 654 torrentis
698 618 870 666 atraque
897 612 1095 667 voragine
1120 613 1230 667 ripas

265 676 411 718 adnuit
435 682 477 717 et
499 681 633 716 totum
657 681 762 715 nutu
787 674 1021 716 tremefecit
1045 673 1290 729 Olympum.

264 739 332 780 hic
355 737 449 779 finis
474 736 603 779 fandi.
653 736 754 777 solio
779 743 867 777 tum
892 736 1081 791 Iuppiter
1105 751 1231 778 aureo

265 801 411 856 surgit,
437 799 660 842 caelicolae
684 799 868 841 medium
893 813 1018 853 quem
1044 799 1096 839 ad
1119 799 1265 840 limina
1289 798 1459 842 ducunt·

320 864 486 904 Interea
509 861 655 904 Rutuli
679 861 807 916 portis
834 861 989 902 circum
1015 861 1207 902 omnibus
1232 861 1388 902 instant

265 932 448 968 sternere
473 923 599 966 caede
623 923 733 965 viros
758 930 800 965 et
822 923 985 964 moenia
1010 923 1176 977 cingere
1201 923 1391 964 flammis.

265 996 307 1030 at
330 988 440 1043 legio
467 986 716 1028 Aeneadum
741 985 859 1026 vallis
886 985 1056 1026 obsessa
1080 992 1255 1035 tenetur,

261 1065 340 1093 nec
364 1065 458 1105 spes
482 1049 568 1090 ulla
592 1048 731 1103 fugae.
779 1047 918 1089 miseri
944 1054 1055 1088 stant
1078 1047 1261 1088 turribus
1288 1047 1381 1089 altis

263 1113 520 1167 nequiquam
545 1117 587 1152 et
610 1126 704 1151 rara
727 1124 869 1150 muros
894 1110 1059 1151 cinxere
1085 1124 1249 1151 corona.

263 1176 393 1217 Asius
418 1174 673 1215 Imbrasides
699 1172 1056 1226 Hicetaoniusque
1081 1173 1337 1227 Thymoetes

262 1237 545 1290 Assaracique
571 1236 653 1276 duo
679 1242 720 1277 et
745 1235 881 1276 senior
905 1250 1001 1276 cum
1028 1234 1203 1276 Castore
1229 1234 1456 1289 Thymbris

262 1301 396 1357 prima
420 1300 547 1340 acies:
574 1298 649 1339 hos
674 1298 862 1352 germani
890 1297 1145 1352 Sarpedonis
1172 1298 1308 1346 ambo,

264 1371 305 1406 et
329 1362 481 1405 Clarus
506 1368 548 1403 et
571 1360 804 1409 Thaemon,
829 1360 967 1415 Lycia
991 1360 1241 1400 comitantur
1266 1360 1318 1401 ab
1344 1360 1441 1401 alta.

263 1427 344 1468 fert
366 1425 513 1480 ingens
540 1430 626 1465 toto
651 1423 825 1464 conixus
850 1436 1021 1477 corpore
1047 1437 1207 1470 saxum,

262 1489 374 1530 haud
398 1494 559 1543 partem
584 1486 782 1540 exiguam
807 1486 971 1535 montis,
997 1485 1228 1540 Lyrnesius
1253 1485 1433 1534 Acmon,

262 1566 340 1593 nec
367 1550 505 1605 Clytio
531 1548 720 1604 genitore
745 1548 880 1589 minor
903 1562 981 1589 nec
1005 1547 1133 1589 fratre
1158 1546 1419 1588 Menestheo.

263 1615 306 1655 hi
330 1613 489 1662 iaculis,
513 1612 573 1652 illi
598 1617 757 1652 certant
781 1610 1006 1652 defendere
1031 1610 1141 1651 saxis

263 1676 481 1729 molirique
505 1675 647 1729 ignem
670 1688 882 1727 nervoque
908 1679 1050 1728 aptare
1075 1672 1263 1727 sagittas.

262 1741 351 1795 ipse
375 1739 482 1779 inter
506 1737 680 1786 medios,
706 1736 883 1779 Veneris
907 1735 1133 1776 iustissima
1157 1749 1270 1781 cura,

264 1801 505 1844 Dardanius
531 1806 655 1854 caput
682 1813 778 1840 ecce
803 1813 906 1853 puer
932 1799 1117 1840 detectus
1143 1797 1378 1845 honestum,

263 1865 398 1919 qualis
421 1877 590 1918 gemma
613 1861 751 1910 micat,
775 1861 940 1902 fulvum
965 1875 1072 1914 quae
1097 1859 1244 1900 dividit
1271 1874 1433 1908 aurum,

265 1934 338 1969 aut
361 1926 466 1968 collo
492 1925 619 1966 decus
644 1931 717 1965 aut
741 1923 879 1978 capiti,
906 1923 971 1964 vel
997 1923 1119 1976 quale
1144 1937 1218 1977 per
1243 1928 1374 1963 artem

263 1991 471 2032 inclusum
497 1988 608 2028 buxo
635 1993 706 2027 aut
731 1985 876 2027 Oricia
901 1985 1134 2027 terebintho

264 2055 375 2095 lucet
399 2051 520 2099 ebur3
546 2050 661 2090 fusos
687 2048 827 2090 cervix
853 2048 920 2089 cui
944 2048 1079 2089 lactea
1103 2046 1226 2088 crinis

265 2115 415 2169 accipit
440 2120 481 2154 et
504 2112 618 2152 molli
643 2111 852 2152 subnectit
877 2111 1055 2152 circulus
1081 2124 1195 2150 auro.

264 2185 304 2219 te
329 2190 496 2230 quoque
520 2173 813 2229 magnanimae
838 2173 1045 2222 viderunt,
1071 2172 1229 2213 Ismare
1254 2176 1414 2225 gentes,

265 2240 438 2281 vulnera
463 2237 641 2291 dirigere
668 2243 707 2277 et
733 2236 913 2277 calamos
939 2250 1099 2276 armare
1125 2248 1298 2282 veneno,

265 2301 465 2344 Maeonia
489 2313 690 2354 generose
716 2299 852 2347 domO,
878 2298 949 2338 ubi
975 2297 1148 2353 pinguia
1173 2297 1284 2338 culta

266 2370 543 2415 exercentque
568 2361 644 2402 viri
669 2361 949 2413 Pactolusque
974 2360 1127 2414 inrigat
1151 2373 1265 2401 aur0.

267 2426 401 2469 adfuit
425 2432 464 2467 et
490 2423 750 2471 Mnestheus,
777 2437 902 2476 quem
927 2422 1035 2477 pulsi
1060 2421 1233 2476 pristina
1260 2419 1393 2460 Turni

269 2504 423 2545 aggere
448 2501 660 2528 murorum
686 2485 907 2526 sublimem
931 2484 1064 2539 gloria
1090 2483 1208 2532 tollit,

181 2566 242 2597 145
269 2560 309 2594 et
335 2550 495 2605 Capys:
523 2549 618 2590 hinc
642 2563 793 2589 nomen
821 2546 1062 2601 Campanae
1089 2546 1254 2586 ducitur
1278 2544 1384 2585 urbi.

327 2613 393 2657 Illi
418 2613 525 2653 inter
550 2626 639 2653 sese
666 2610 758 2651 duri
783 2609 1008 2651 certamina
1032 2609 1129 2650 belli
