1622 2847
519 548 1044 604 GEORGIOON

642 766 832 804 LIBER
865 765 898 804 Ι.

184 909 298 962 Quid
323 910 447 966 faciat
471 910 601 951 laetas
627 918 802 965 segetes,
827 925 910 964 quo
937 909 1070 951 sidere
1095 917 1246 951 terram

99 981 271 1021 vertere,
296 973 537 1021 Maecenas,
563 973 768 1026 ulmisque
794 973 1022 1028 adiungere
1047 973 1151 1014 vites

99 1035 329 1083 conveniat,
356 1049 463 1088 quae
489 1050 588 1076 cura
612 1035 752 1083 boum,
778 1035 849 1088 qui
875 1036 1011 1076 cultus
1036 1034 1229 1076 habendo

98 1097 150 1137 sit
173 1097 326 1151 pecori,
351 1097 499 1151 apibus
525 1106 680 1150 quanta
706 1097 961 1151 experientia
985 1097 1134 1151 parcis,

96 1158 193 1200 hinc
217 1173 364 1200 canere
388 1159 596 1214 incipiam.
645 1173 732 1207 vos,
759 1173 782 1200 o
808 1159 1035 1200 clarissima
1059 1159 1203 1200 mundi

94 1221 266 1271 lumina,
291 1221 503 1263 labentem
528 1221 642 1263 caelo
667 1235 775 1275 quae
800 1221 948 1262 ducitis
974 1237 1144 1270 annum,

96 1284 227 1325 Liber
251 1293 291 1325 et
314 1285 424 1325 >alma
450 1282 593 1333 Ceres,
619 1292 757 1325 vestro
783 1283 818 1325 si
843 1299 1014 1325 munere
1039 1284 1161 1326 tellus

98 1345 330 1388 Chaoniam
354 1346 500 1401 pingui
525 1347 720 1401 glandem
744 1347 920 1388 mutavit
944 1347 1082 1396 arista,

94 1409 327 1464 poculaque
350 1408 529 1450 inventis
554 1409 758 1450 Acheloia
783 1409 949 1450 miscuit
973 1409 1065 1450 uvis
1074 1425 1085 1458 3

95 1478 136 1513 et
160 1486 246 1520 vos,
272 1479 485 1526 agrestum
508 1472 744 1526 praesentia
767 1471 952 1520 numina,
978 1471 1108 1520 fauni,

93 1533 197 1575 ferte
222 1533 345 1574 simul
368 1533 568 1587 faunique
592 1533 741 1588 pedem
766 1533 1028 1588 dryadesque
1053 1533 1236 1588 puellae:

93 1611 266 1637 munera
291 1604 429 1637 vestra
453 1610 568 1637 cano.
617 1603 745 1650 tuque
769 1609 807 1644 o,
833 1596 900 1636 cui
924 1596 1057 1651 prima
1082 1595 1327 1638 frementem

93 1659 201 1700 fudit
225 1673 378 1712 equum
402 1673 555 1713 magno
580 1658 702 1699 tellus
727 1672 925 1713 percussa
949 1659 1129 1707 tridenti,

93 1721 307 1776 Neptune3
333 1728 373 1763 et
398 1721 530 1762 cultor
552 1735 782 1770 nemorum,
809 1720 875 1762 cui
899 1720 1072 1776 pinguia
1096 1719 1209 1762 Ceae

93 1792 156 1826 ter
180 1791 347 1826 centum
370 1783 482 1824 nivei
506 1783 678 1825 tondent
703 1783 872 1825 dumeta
895 1784 1077 1832 iuvenci3

93 1847 195 1902 ipse,
220 1861 366 1889 nemus
391 1846 583 1899 linquens
607 1846 788 1901 patrium
813 1846 1027 1899 saltusque
1052 1846 1225 1900 Lycaei,

92 1909 199 1958 Pan,
224 1910 363 1950 ovium
389 1916 541 1958 custos,
567 1917 639 1950 tua
664 1909 698 1950 si
721 1909 797 1949 tibi
821 1908 1019 1950 Maenala
1044 1923 1180 1957 curae,

95 1972 219 2021 adsis,
246 1987 270 2013 o
295 1972 502 2026 Tegeaee,
527 1971 687 2020 favens,
713 1972 911 2025 oleaeque
935 1971 1131 2012 Minerva

93 2033 312 2083 inventrix,
336 2033 516 2087 uncique
541 2048 644 2088 puer
666 2041 916 2074 monstrator
941 2033 1078 2083 aratri,

93 2104 134 2139 et
156 2104 340 2139 teneram
365 2096 418 2137 ab
443 2096 580 2137 radice
606 2095 756 2145 ferens,
783 2094 967 2144 Silvane,
992 2110 1246 2150 cupressum,

93 2160 218 2213 dique
241 2159 428 2212 deaeque
452 2173 610 2207 omneS,
635 2158 819 2199 studium
843 2157 994 2211 quibus
1020 2173 1120 2198 arva
1144 2159 1263 2208 tueri,

93 2223 247 2277 quique
270 2236 400 2263 novas
425 2221 532 2262 alitis
556 2235 640 2262 non
663 2221 748 2262 ullo
774 2221 930 2262 semine
955 2220 1111 2275 fruges,

94 2285 247 2339 quique
272 2285 370 2326 satis
394 2284 558 2338 largum
582 2283 696 2325 caelo
722 2283 936 2324 demittitis
960 2283 1154 2332 imbrem3

93 2355 222 2401 tuque
246 2346 362 2396 adeo,
388 2360 513 2400 quem
537 2360 635 2386 mox
659 2360 767 2399 quae
791 2346 873 2386 sint
896 2345 1090 2386 habitura
1114 2346 1285 2387 deorum

93 2409 280 2458 concilia,
304 2408 506 2450 incertum
531 2415 605 2458 est,
631 2408 799 2449 urbisne
823 2408 1013 2457 invisere,
1041 2407 1210 2457 Caesar,

92 2480 378 2525 terrarumque
402 2471 504 2513 velis
529 2485 672 2512 curam
696 2478 737 2512 et
759 2478 799 2512 te
823 2471 1030 2511 maximus
1055 2471 1166 2511 orbis

94 2543 305 2577 auctorem
328 2533 498 2589 frugum
521 2540 897 2589 tempestatumque
922 2540 1133 2588 potentem

93 2597 282 2651 accipiat,
308 2596 478 2650 cingens
502 2604 689 2637 materna
712 2604 900 2650 tempora
924 2603 1071 2650 myrto,

93 2675 147 2702 an
171 2660 272 2701 deus
297 2658 473 2700 inmensi
497 2658 639 2700 venias
663 2658 788 2699 maris
814 2673 862 2699 ac
886 2666 957 2699 tua
982 2665 1134 2699 nautae

1467 1482 1509 1512 10

1466 1792 1506 1824 15

1463 2105 1505 2136 20

1461 2418 1503 2448 25
