1660 2847
233 166 314 213 268
649 176 691 210 P.
711 174 921 211 VERGILI
945 174 1169 211 MARONIS

143 290 208 322 560
233 280 366 334 qualis
391 279 464 321 ubi
489 286 560 321 aut
582 280 765 334 leporem
791 285 862 320 aut
885 279 1077 320 candenti
1102 292 1272 333 corpore
1297 293 1474 334 cycnum

233 342 399 383 sustulit
423 343 505 383 alta
529 350 674 396 petens
699 341 875 396 pedibus
901 341 1012 382 Iovis
1037 341 1216 396 armiger
1240 342 1372 391 uncis,

232 405 466 457 quaesitum
491 410 562 445 aut
587 404 708 444 matri
733 404 872 444 multis
898 403 1105 444 balatibus
1131 418 1286 457 agnum

232 466 412 507 Martius
437 481 462 506 a
486 465 660 506 stabulis
685 466 821 520 rapuit
845 466 981 520 lupus.
1029 465 1212 519 undique
1238 465 1392 506 clamor

172 569 175 574 ,
231 528 404 569 tollitur:
430 527 634 568 invadunt
658 534 699 568 et
721 528 855 568 fossas
880 542 1033 582 aggere
1061 527 1286 583 complent3

142 601 206 632 565
232 589 412 631 ardentis
437 589 580 630 taedas
606 589 674 630 alii
699 589 751 630 ad
777 589 944 644 fastigia
968 590 1133 631 iactant.

230 652 414 694 Ilioneus
440 665 540 692 saxo
567 658 690 705 atque
715 651 873 706 ingenti
899 651 1103 706 fragmine
1129 651 1279 692 montis

230 714 455 755 Lucetium
480 721 623 769 portae
654 714 901 755 subeuntem
926 714 1116 768 ignisque
1142 714 1356 763 ferentem,

230 775 483 817 Emathiona
507 775 650 829 Liger,
678 776 943 829 Corynaeum
969 776 1112 817 sternit
1137 775 1291 825 Asilas,

233 838 299 879 hic
324 839 458 879 iaculo
485 838 631 886 bonus,
656 837 723 879 hic
746 838 870 893 longe
896 838 1063 879 fallente
1088 838 1252 891 sagitta,

141 912 206 943 570
233 899 461 955 Ortygium
488 899 694 949 Caeneus,
721 899 919 942 victorem
946 899 1114 941 Caenea
1138 901 1320 949 Turnus,

234 962 404 1003 Turnus
429 961 527 1016 Ityn
553 961 845 1015 Cloniumque,
870 961 1129 1016 Dioxippum
1153 961 1481 1015 Promolumque

233 1032 272 1066 et
300 1023 494 1078 Sagarim
519 1030 561 1065 et
584 1025 756 1065 summis
782 1030 959 1065 stantem
984 1038 1058 1078 pro
1084 1024 1265 1065 turribus
1289 1024 1409 1072 Idan,

230 1087 481 1128 Privernum
508 1085 662 1141 Capys.
710 1086 822 1127 hunc
846 1086 979 1141 primo
1003 1086 1105 1128 levis
1130 1086 1250 1128 hasta
1273 1086 1504 1128 Themillae

232 1149 471 1190 strinxerat:
497 1149 566 1189 ille
592 1164 761 1190 manum
786 1149 969 1203 proiecto
994 1149 1177 1203 tegmine
1202 1149 1371 1190 demens

142 1222 206 1253 575
232 1211 286 1252 ad
309 1211 455 1252 volnus
481 1211 592 1260 tulit3
619 1226 718 1266 ergo
743 1211 818 1252 alis
843 1211 1015 1265 adlapsa
1040 1211 1191 1265 sagitta

233 1280 275 1314 et
298 1273 416 1314 laevo
441 1272 569 1313 infixa
594 1280 655 1314 est
679 1273 798 1314 lateri
823 1288 970 1314 manus
996 1272 1219 1326 abditaque
1244 1272 1354 1314 intus

234 1335 487 1390 spiramenta
512 1335 674 1376 animae
698 1335 810 1376 letali
835 1335 1002 1376 volnere
1025 1335 1148 1390 rupit.

232 1398 371 1438 stabat
395 1397 438 1438 in
463 1397 642 1452 egregiis
667 1397 862 1439 Arcentis
886 1397 995 1438 filius
1021 1397 1157 1446 armis,

231 1460 367 1515 pictus
393 1474 470 1501 acu
497 1459 760 1514 chlamydem
785 1466 824 1500 et
849 1459 1061 1513 ferrugine
1087 1459 1222 1500 clarus
1248 1458 1421 1508 Hibera,

142 1533 208 1565 580
232 1521 408 1576 insignis
434 1521 553 1570 facie,
579 1522 742 1576 genitor
766 1535 890 1575 quem
916 1522 1083 1562 miserat
1106 1521 1283 1570 Arcens,

233 1584 429 1626 eductum
453 1584 603 1624 Matris
629 1584 723 1625 luco
750 1583 995 1638 Symaethia
1020 1584 1173 1624 circum

230 1646 415 1693 fiumina,
441 1646 607 1700 pinguis
633 1645 705 1686 ubi
731 1652 771 1687 et
795 1645 1008 1700 placabilis
1035 1661 1106 1686 ara
1130 1644 1282 1686 Palici:

234 1708 475 1750 stridentem
500 1708 673 1748 fundam
698 1708 842 1763 positis
866 1708 1102 1749 Mezentius
1128 1707 1254 1748 hastis

231 1771 320 1826 ipse
345 1777 406 1812 ter
431 1769 612 1811 adducta
636 1770 791 1812 circum
817 1777 941 1825 eaput
966 1770 1050 1825 egit
1074 1769 1236 1811 habena

145 1845 208 1877 585
235 1840 274 1875 et
298 1833 435 1874 media
459 1832 622 1874 adversi
647 1832 872 1886 liquefacto
898 1839 1086 1887 tempora
1109 1831 1281 1886 plumbo

234 1895 385 1936 diffidit
408 1909 456 1936 ac
479 1895 610 1936 multa
634 1901 871 1950 porrectum
896 1894 1080 1936 extendit
1108 1894 1274 1936 harena.

293 1958 405 1999 Tum
428 1957 609 2012 primum
632 1957 743 1999 bello
769 1957 945 1999 celerem
969 1956 1193 1998 intendisse
1219 1956 1411 2011 sagittam

236 2019 400 2068 dicitur,
427 2027 521 2060 ante
546 2019 654 2060 feras
680 2019 826 2060 solitus
852 2025 1004 2060 terrere
1028 2018 1215 2073 fugaces,

234 2081 445 2122 Ascanius
470 2080 703 2134 fortemque
728 2095 855 2122 manu
878 2080 1037 2121 fudisse
1061 2080 1317 2128 Numanum,

146 2154 212 2186 590
236 2143 302 2185 cui
327 2143 505 2185 Remulo
532 2157 764 2198 cognomen
789 2149 889 2192 erat,
915 2142 1130 2196 Turnique
1154 2142 1357 2183 minorem

235 2220 477 2261 germanam
502 2219 637 2260 nuper
662 2204 844 2246 thalamo
870 2204 1048 2246 sociatus
1073 2204 1265 2244 habebat.

235 2269 269 2308 is
294 2267 470 2322 primam
495 2273 589 2308 ante
614 2267 746 2308 aciem
771 2266 898 2321 digna
923 2273 1047 2320 atque
1071 2265 1243 2321 indigna
1267 2266 1400 2308 relatu

237 2330 469 2371 vociferans
495 2329 762 2382 tumidusque
786 2343 895 2369 novo
918 2328 1160 2383 praecordia
1183 2342 1311 2382 regno

235 2392 324 2433 ibat
348 2401 388 2433 et
411 2391 623 2446 ingentem
648 2406 737 2432 sese
763 2391 941 2433 clamore
966 2390 1143 2432 ferebat:

147 2465 211 2497 595
237 2458 338 2495 ‘non
363 2454 493 2508 pudet
517 2453 732 2495 obsidione
755 2453 905 2494 iterum
930 2453 1121 2505 valloque
1145 2452 1289 2501 teneri,

236 2517 299 2557 bis
326 2515 435 2570 capti
458 2516 665 2571 Phryges,
692 2522 733 2557 et
757 2515 878 2557 morti
902 2514 1172 2570 praetendere
1197 2515 1362 2556 muros?

238 2594 290 2620 en
314 2578 385 2632 qui
409 2584 551 2618 nostra
575 2577 654 2619 sibi
680 2578 788 2619 bello
813 2577 991 2620 conubia
1015 2577 1209 2631 poscunt!

239 2641 330 2696 quis
356 2640 457 2682 deus
482 2640 660 2690 Italiam,
686 2654 793 2695 quae
817 2655 891 2682 vos
916 2640 1123 2682 dementia
1147 2639 1312 2695 adegit?
