1660 2847
213 153 294 195 258
625 163 667 198 Ρ.
688 163 898 199 VERGILI
923 164 1146 201 MARONIS

126 276 188 307 170
212 279 316 319 quos
342 274 460 322 pater
484 268 667 317 Aeneas,
694 267 897 321 siquando
923 268 1097 310 adversa
1120 276 1329 319 vocarent,

122 586 183 616 175

119 897 183 929 180

117 1525 180 1556 190

116 1837 178 1868 195

210 335 389 371 rectores
414 330 612 371 iuvenum
638 337 679 370 et
702 344 839 371 rerum
866 329 978 371 dedit
1003 345 1091 372 esse
1114 332 1348 386 magistros.

211 391 343 432 omnis
368 407 442 446 per
465 406 605 433 muros
630 392 752 447 legio,
780 392 923 433 sortita
947 393 1159 447 periclum,

211 454 391 494 excubat
416 461 663 508 exercetque
688 453 812 503 vices,
837 454 951 508 quod
976 455 1125 508 cuique
1149 455 1352 497 tuendum
1376 461 1450 497 est.

265 516 394 557 Nisus
421 523 507 557 erat
531 517 674 571 portae
699 523 850 566 custos,
877 517 1100 558 acerrimus
1126 518 1262 566 armis,

209 578 474 632 Hyrtacides,
501 578 694 619 comitem
717 582 890 620 Aeneae
915 593 1040 632 quem
1064 579 1230 621 miserat
1256 579 1333 620 Ida

208 640 408 689 venatrix,
433 640 568 681 iaculo
594 641 769 682 celerem
793 641 1038 694 levibusque
1063 641 1237 695 sagittis,

209 708 250 743 et
272 702 389 743 iuxta
413 717 551 743 comcs
578 701 802 757 Euryalus,
827 716 909 757 quo
934 703 1145 758 pulchrior
1172 704 1275 744 alter

207 779 290 805 non
314 765 394 805 fuit
416 765 668 806 Aeneadum
692 765 875 806 Troiana
898 780 1034 819 neque
1059 765 1193 805 induit
1218 780 1345 815 arma,

207 841 279 867 ora
303 842 406 882 puer
429 826 562 881 prima
588 827 757 882 signans
782 827 945 868 intonsa
969 827 1149 868 iuventa.

207 888 270 929 his
295 903 410 929 amor
434 904 542 930 unus
568 896 655 930 erat
678 889 915 944 pariterque
939 889 981 929 in
1006 889 1115 930 bella
1139 888 1334 938 ruebant3

207 959 295 993 tum
321 966 486 1006 quoque
512 952 723 993 communi
747 959 909 1007 portam
935 952 1110 993 statione
1135 951 1344 993 tenebant.

206 1015 331 1056 Nisus
357 1015 430 1056 ait:
457 1015 572 1056 ‘dine
597 1015 708 1056 hunc
732 1014 923 1056 ardorem
947 1014 1155 1056 mentibus
1181 1015 1353 1062 addunt,

207 1076 404 1132 Euryale,
430 1093 482 1119 an
508 1093 583 1119 sua
608 1078 758 1131 cuique
783 1077 884 1118 deus
909 1076 955 1117 fit
979 1076 1068 1117 dira
1093 1076 1268 1131 cupido?

207 1147 278 1180 aut
302 1155 485 1195 pugnam
511 1147 583 1181 aut
607 1139 761 1194 aliquid
786 1139 1029 1180 iamdudum
1055 1138 1251 1179 invadere
1276 1152 1474 1193 magnum

205 1217 321 1244 mens
348 1203 478 1257 agitat
502 1202 603 1242 mihi
626 1216 704 1243 nec
728 1201 893 1256 placida
918 1208 1111 1242 contenta
1134 1200 1272 1254 quiete
1298 1207 1372 1242 est.

206 1264 353 1314 cernis,
379 1279 486 1318 quae
511 1265 690 1305 Rutulos
717 1264 867 1305 habeat
891 1263 1043 1304 fiducia
1066 1277 1216 1304 rerum.

205 1327 363 1368 lumina
387 1342 479 1368 rara
504 1327 671 1375 micant,
697 1340 841 1367 somno
867 1325 1046 1379 vinoque
1072 1325 1195 1366 soluti

204 1390 477 1444 procubuere,
503 1389 624 1430 silent
647 1389 729 1430 late
753 1389 856 1430 loca.
904 1387 1071 1443 percipe
1096 1401 1232 1442 porro,

206 1452 306 1505 quid
331 1452 517 1492 dubitem
543 1458 584 1492 et
607 1465 715 1505 quae
739 1465 851 1491 nunc
875 1449 1012 1491 animo
1039 1449 1242 1491 sententia
1267 1455 1421 1504 surgat.

205 1515 381 1556 Aenean
406 1514 529 1555 acciri
554 1528 711 1562 omnes,
738 1513 1000 1568 populusque
1024 1520 1261 1567 patresque,

206 1584 433 1633 exposcunt
457 1576 647 1630 mittique
672 1576 796 1625 viros,
822 1575 893 1629 qui
918 1582 1031 1616 certa
1055 1580 1276 1629 reportent.

205 1640 252 1689 si,
278 1639 351 1680 tibi
376 1654 483 1693 quae
507 1653 646 1694 posco,
672 1637 918 1693 promittunt
942 1637 1054 1689 (nam
1080 1636 1182 1677 mihi
1206 1636 1305 1677 facti

205 1703 318 1743 fama
343 1709 405 1742 sat
429 1703 521 1754 est),
548 1701 708 1742 tumulo
734 1700 877 1741 videor
901 1699 1080 1754 reperire
1104 1699 1182 1740 sub
1207 1699 1277 1740 illo

204 1779 324 1820 posse
349 1764 458 1805 viam
483 1764 537 1805 ad
561 1777 700 1804 muros
726 1769 766 1803 et
789 1762 953 1803 moenia
975 1761 1220 1802 Pallantea?

204 1827 404 1881 obstipuit
429 1840 581 1879 magno
606 1825 777 1866 laudum
802 1839 1021 1879 percussus
1047 1838 1186 1864 amore

204 1889 432 1943 Euryalus3
458 1888 579 1928 simul
605 1886 668 1928 his
694 1887 906 1928 ardentem
932 1886 1098 1926 adfatur
1122 1885 1321 1926 amicum:

206 1956 345 1992 ‘mene
369 1950 496 2005 igitur
520 1949 677 1990 socium
704 1948 873 1990 summis
900 1948 1125 2002 adiungere
1150 1947 1288 1996 rebus,

203 2014 318 2062 Nise,
344 2012 480 2067 sugis?
507 2012 641 2052 solum
665 2018 704 2052 te
729 2011 771 2052 in
796 2017 911 2052 tanta
934 2010 1118 2065 pericula
1142 2009 1328 2050 mittam?

202 2090 286 2117 non
310 2076 367 2116 ita
392 2089 457 2115 me
482 2073 656 2128 genitor,
682 2073 799 2114 bellis
825 2072 1022 2114 adsuetus
1049 2071 1268 2127 Opheltes,

116 2150 180 2181 200
204 2138 451 2191 Argolicum
476 2144 673 2177 terrorem
698 2135 804 2176 inter
828 2135 1064 2188 Troiaeque
1088 2134 1252 2175 labores

205 2200 414 2242 sublatum
439 2198 601 2246 erudiit,
626 2212 704 2239 nec
728 2205 866 2238 tecum
891 2197 989 2238 talia
1012 2195 1136 2251 gessi,

205 2261 520 2317 magnanimum
545 2261 721 2301 Aenean
747 2266 787 2300 et
811 2260 896 2300 fata
922 2266 1105 2300 extrema
1129 2264 1314 2299 secutus:

206 2331 268 2367 est
292 2324 371 2372 hic,
398 2330 459 2365 est
483 2322 644 2363 animus
669 2321 772 2362 lucis
799 2329 1057 2376 contemptor
1081 2326 1122 2362 et
1144 2320 1269 2360 istum

205 2387 275 2440 qui
302 2387 385 2427 vita
409 2386 515 2426 bene
540 2384 680 2425 credat
705 2383 798 2432 emi,
823 2398 906 2437 quo
931 2383 1078 2431 tendis,
1104 2381 1329 2423 honorem?

115 2460 180 2492 205
204 2449 332 2490 Nisus
358 2448 411 2488 ad
435 2447 555 2488 haec:
582 2446 794 2500 ‘equidem
820 2446 870 2487 de
896 2453 935 2487 te
960 2445 1018 2486 nil
1043 2445 1124 2485 tale
1149 2444 1336 2493 verebar,

204 2526 282 2553 nec
306 2511 383 2559 fas,
408 2525 509 2550 non:
535 2510 593 2550 ita
617 2524 683 2550 me
707 2509 859 2550 referat
883 2508 957 2549 tibi
982 2522 1157 2561 magnus
1183 2513 1376 2548 ovantem

205 2573 393 2628 Iuppiter
418 2579 489 2612 aut
513 2572 765 2625 quicumque
791 2571 919 2612 oculis
946 2571 1048 2611 haec
1073 2569 1220 2624 aspicit
1244 2568 1398 2623 aequis.

206 2636 281 2678 sed
305 2634 448 2689 siquis,
474 2648 581 2688 quae
607 2634 736 2675 multa
761 2633 876 2675 vides
902 2631 1137 2674 discrimine
1162 2631 1246 2681 tali,
