1622 2847
487 184 741 223 AENEIDOS
764 185 860 220 LIB.
886 183 916 219 1.
1300 172 1378 218 101

36 293 322 348 artificumque
346 306 494 333 manus
518 291 626 332 intra
650 305 694 332 se
719 303 975 345 operumque
999 288 1184 331 laborem
1406 296 1470 327 455

37 356 222 406 miratur,
246 355 359 396 videt
382 354 531 395 Iliacas
558 368 609 395 ex
634 352 778 394 ordine
802 367 965 407 pugnas

36 418 229 472 bellaque
252 418 336 458 iam
360 416 473 457 fama
496 422 629 457 totum
654 415 823 469 volgata
846 429 921 469 per
945 414 1102 463 orbem,

36 480 209 521 Atridas
232 480 531 532 Priamumque
556 485 596 520 et
621 492 791 519 saevum
817 476 1021 517 ambobus
1046 475 1269 518 Achillem.

37 542 216 583 constitit
241 550 280 583 et
302 540 521 582 lacrimans
547 540 659 594 ‘quis
683 539 766 580 iam
789 538 924 580 locus'
949 538 1096 592 inquit,
1123 537 1320 587 ‘Achate‚

37 619 143 658 quae
167 604 281 659 regio
305 603 346 644 in
371 603 489 644 terris
513 602 642 643 nostri
667 615 750 642 non
774 601 899 656 plena
924 600 1102 642 laboris?
1407 607 1472 638 460

37 681 88 707 en
112 666 318 707 Priamus.
367 672 463 706 sunt
486 664 553 706 hic
578 664 702 706 etiam
727 678 803 705 sua
827 663 1012 718 praemia
1035 662 1162 712 laudi,
1202 702 1211 711 x

37 735 130 769 sunt
155 728 348 769 lacrimae
372 742 510 768 rerum
536 734 576 767 et
600 733 782 767 mentem
806 724 997 766 mortalia
1021 731 1210 780 tangunt.

37 790 151 832 solve
175 797 328 831 metus:
353 789 458 831 feret
482 789 585 830 haec
609 788 792 841 aliquam
816 787 891 828 tibi
915 786 1029 828 fama
1052 787 1256 829 salutem?

37 852 95 893 sic
119 853 188 901 ait,
213 859 337 905 atque
362 852 546 892 animum
571 850 733 905 pictura
755 850 888 905 pascit
912 849 1038 898 inani,

36 914 165 954 multa
188 928 373 968 gemens,
398 913 599 967 largoque
622 919 806 953 umectat
830 911 999 953 flumine
1024 911 1200 952 vultum.
1405 918 1469 948 465

36 990 215 1028 namque
240 975 420 1024 videbat,
447 975 508 1015 uti
533 974 733 1016 bellantes
757 974 967 1028 Pergama
992 973 1146 1014 circum

36 1037 114 1079 hac
138 1038 330 1092 fugerent
356 1036 473 1086 Grai,
498 1044 704 1092 premeret
728 1036 910 1076 Troiana
933 1036 1139 1085 iuventus,

36 1099 114 1140 hac
135 1100 341 1155 Phryges,
366 1100 539 1141 instaret
562 1113 685 1139 curru
710 1098 900 1139 cristatus
924 1097 1126 1139 Achilles.

35 1176 113 1203 nec
136 1163 280 1217 procul
304 1161 400 1203 hinc
424 1160 552 1203 Rhesi
576 1161 706 1202 niveis
731 1160 909 1201 tentoria
932 1160 1034 1200 velis

37 1224 256 1280 adgnoscit
278 1224 514 1273 lacrimans,
538 1223 672 1279 primo
697 1237 804 1276 quae
828 1222 992 1277 prodita
1017 1237 1161 1263 somno
1406 1229 1472 1259 470

35 1286 220 1341 Tydides
244 1287 376 1327 multa
400 1286 591 1327 vastabat
616 1285 742 1327 caede
768 1292 976 1333 cruentus,

36 1349 309 1402 ardentesque
333 1349 482 1390 avertit
506 1363 634 1402 equos
658 1348 702 1389 in
726 1355 873 1396 castra,
898 1347 1011 1402 prius
1036 1361 1162 1400 quam

35 1412 190 1467 pabula
213 1418 450 1466 gustassent
475 1411 625 1451 Troiae
649 1409 955 1463 Xanthumque
981 1409 1194 1451 bibissent,

35 1481 153 1529 parte
178 1474 258 1514 alia
281 1473 446 1528 fugiens
472 1473 632 1514 amissis
658 1472 824 1513 Troilus
849 1472 986 1520 armis,

34 1536 180 1577 infelix
203 1550 307 1590 puer
331 1543 456 1589 atque
480 1535 614 1589 impar
639 1549 887 1589 congressus
912 1533 1083 1582 Achilli,
1406 1542 1470 1573 475

34 1598 166 1639 fertur
191 1598 307 1651 equis
332 1611 539 1650 curruque
563 1596 705 1637 haeret
729 1596 947 1651 resupinus
973 1595 1100 1644 inani,

34 1661 123 1702 lora
147 1668 290 1702 tenens
314 1667 471 1709 tamen3
498 1659 594 1700 huic
619 1659 841 1711 cervixque
866 1672 1093 1711 comaeque
1117 1656 1337 1699 trahuntur

34 1738 109 1778 per
132 1731 283 1764 terram
308 1730 348 1763 et
373 1736 492 1763 versa
516 1721 652 1777 pulvis
677 1721 916 1762 inscribitur
940 1720 1069 1761 hasta.

35 1785 192 1826 interea
216 1784 269 1825 ad
293 1784 494 1839 templum
518 1798 601 1824 non
627 1797 784 1837 aequae
808 1783 994 1824 Palladis
1017 1783 1135 1823 ibant

0 1871 1 1898 3
36 1847 218 1889 crinibus
242 1846 395 1887 Iliades
420 1846 552 1901 passis
576 1846 829 1900 peplumque
853 1845 1056 1894 ferebant,
1406 1853 1472 1884 480

0 1902 1 1915 ’
37 1909 274 1964 suppliciter
298 1909 434 1949 tristes
460 1915 498 1949 et
522 1915 669 1949 tunsae
694 1915 863 1962 pectora
887 1907 1034 1962 palmis
1043 1923 1054 1957 ;

37 1972 132 2013 diva
157 1971 243 2012 solo
267 1971 371 2012 fixos
397 1971 537 2011 oculos
563 1985 709 2012 aversa
733 1970 914 2011 tenebat.

36 2041 99 2076 ter
123 2034 278 2076 circum
300 2033 452 2074 Iliacos
476 2039 713 2087 raptaverat
736 2033 923 2073 Hectora
946 2046 1087 2073 muros

37 2096 358 2149 exanimumque
384 2110 484 2136 auro
509 2109 659 2150 corpus
684 2094 892 2135 vendebat
915 2093 1116 2135 Achilles.

36 2167 125 2200 tum
149 2172 246 2200 vero
269 2158 482 2213 ingentem
505 2158 705 2213 gemitum
731 2157 802 2197 dat
825 2163 991 2211 pectore
1016 2156 1067 2196 ab
1092 2157 1190 2206 imo,
1406 2164 1470 2196 485

35 2228 83 2262 ut
108 2221 251 2276 spolia,
275 2228 321 2261 ut
345 2235 501 2269 currus,
528 2228 656 2273 utque
679 2220 817 2274 ipsum
842 2233 992 2273 corpus
1017 2219 1139 2260 amici

36 2284 358 2337 tendentemque
382 2298 530 2324 manus
553 2282 769 2323 Priamum
794 2281 1007 2336 conspexit
1031 2281 1212 2323 inermis.

38 2361 82 2388 se
106 2359 273 2400 quoque
295 2345 550 2400 principibus
574 2344 826 2399 permixtum
851 2344 1049 2398 adgnovit
1073 2344 1263 2394 Achivis,

38 2423 218 2462 eoasque
242 2407 350 2449 acies
375 2415 416 2448 et
438 2407 547 2462 nigri
570 2406 810 2447 Memnonis
836 2421 963 2446 arma.

39 2471 153 2512 ducit
176 2470 484 2511 Amazonidum
508 2469 662 2511 lunatis
688 2468 855 2523 agmina
878 2468 1000 2522 peltis
1407 2475 1472 2506 490

39 2532 305 2575 Penthesilea
328 2532 469 2573 furens
493 2531 724 2584 mediisque
749 2531 790 2570 in
815 2530 982 2571 milibus
1008 2529 1138 2581 ardet,

40 2611 167 2637 aurea
191 2595 438 2636 subnectens
463 2601 629 2635 exertae
660 2593 827 2647 cingula
850 2608 1069 2642 mammae,

41 2658 245 2708 bellatrix,
273 2656 480 2713 audetque
505 2656 602 2698 viris
629 2669 873 2697 concurrere
898 2655 1028 2712 virgo.
