1622 2847
165 137 220 181 22
579 147 622 182 Ρ.
640 145 853 184 VERGILI
877 145 1056 184 MARON
1058 145 1103 183 IS

630 329 923 381 ECLOGA
958 332 1041 380 IX.

535 451 820 491 LYOIDAs.
892 450 1138 492 MOERIS.

217 563 296 605 LY.
318 562 416 616 Quo
435 569 489 613 te,
508 562 661 612 Moeri,
681 562 834 618 pedes?
854 578 920 612 an,
939 577 1022 617 quo
1041 564 1109 604 via
1128 564 1254 613 ducit,
1276 564 1319 605 in
1338 563 1509 605 urbem?

161 626 252 668 Mo.
286 624 326 668 O
359 625 536 680 Lycida,
562 625 647 666 vivi
670 625 950 680 pervenimus,
975 626 1138 667 advena
1161 627 1290 668 nostri

161 689 291 743 (quod
314 703 543 742 numquam
567 688 687 730 veriti
713 689 872 742 sumus)
897 695 944 729 ut
967 702 1181 743 possessor
1206 689 1331 742 agelli

161 752 315 793 diceret
340 751 462 792 ‘haec
486 765 580 792 mea
605 757 718 799 sunt3
745 758 905 792 veteres
930 751 1106 805 migrate
1132 751 1293 792 coloni.’

116 824 135 854 5
160 829 271 855 nunc
295 814 406 863 victi,
432 813 584 862 tristes,
610 813 807 867 quoniam
832 813 937 854 Fors
963 813 1102 854 omnia
1126 821 1276 862 versat,

160 877 235 918 hos
260 877 319 917 illi
343 875 477 930 (quod
500 890 578 917 nec
603 883 735 917 vertat
760 876 883 927 bene)
908 875 1110 916 mittimus
1135 875 1303 917 haedos.

160 939 240 980 LY.
273 937 399 980 Certe
425 938 619 992 equidem
646 938 873 987 audieram,
899 952 982 991 qua
1007 953 1050 978 se
1075 937 1307 979 subducere
1333 937 1457 979 colles

159 1002 361 1057 incipiunt
387 1001 584 1055 mollique
608 1001 755 1055 iugum
781 1000 996 1041 demittere
1022 1000 1142 1049 clivo,

159 1079 292 1118 usque
317 1064 370 1105 ad
395 1078 548 1117 aquam
573 1071 613 1104 et
638 1070 812 1112 veteres,
838 1063 921 1103 iam
946 1062 1077 1104 fracta
1102 1062 1331 1112 cacumina,
1357 1062 1476 1118 fagos

93 1139 133 1169 10
159 1128 298 1170 omnia
323 1126 575 1169 carminibus
599 1133 784 1167 vestrum
809 1140 995 1166 servasse
1021 1125 1258 1166 Menalcan.

158 1191 248 1233 Mo.
281 1190 505 1238 Audieras,
531 1196 571 1230 et
595 1189 708 1229 fama
732 1188 828 1237 fuit3
855 1188 927 1229 sed
953 1189 1136 1229 earmina
1161 1196 1321 1229 tantum

158 1261 299 1295 nostra
324 1252 478 1300 valent,
503 1250 680 1306 Lycida,
707 1251 790 1292 tela
813 1250 920 1291 inter
945 1249 1114 1297 Martia,
1141 1258 1343 1304 quantum

160 1315 372 1358 Chaonias
399 1314 543 1356 dicunt
568 1313 707 1367 aquila
731 1313 923 1354 veniente
949 1312 1176 1354 columbas.

159 1379 272 1433 quod
295 1378 375 1419 nisi
398 1392 464 1419 me
490 1391 754 1431 quacumque
778 1391 908 1418 novas
932 1375 1114 1417 incidere
1138 1376 1231 1417 lites

93 1451 132 1481 15
159 1450 254 1484 ante
279 1441 444 1482 sinistra
468 1455 571 1482 cava
594 1439 823 1480 monuisset
849 1439 901 1480 ab
927 1438 1020 1480 ilice
1045 1439 1202 1487 cornix,

158 1520 236 1547 nec
260 1512 356 1545 tuus
382 1503 449 1544 hie
472 1502 644 1551 Moeris,
670 1516 746 1543 nec
771 1501 930 1543 viveret
954 1501 1042 1556 ipse
1066 1501 1297 1543 Menalcas.

157 1567 236 1608 LY.
256 1567 369 1615 Heu,
384 1564 493 1606 cadit
513 1564 554 1605 in
569 1578 821 1618 quemquam
835 1570 996 1604 tantum
1011 1564 1170 1604 scelus?
1191 1563 1286 1612 heu,
1301 1569 1373 1603 tua
1385 1562 1504 1603 nobis

157 1643 290 1685 paene
316 1627 439 1669 simul
465 1635 602 1668 tecum
628 1626 781 1667 solacia
805 1634 937 1681 rapta,
962 1625 1183 1667 BIenalca‘?

158 1692 251 1746 quis
276 1698 443 1732 caneret
466 1689 697 1744 nymphas?
721 1689 814 1742 quis
839 1689 1013 1729 humum
1038 1688 1280 1729 florentibus
1305 1687 1444 1730 herbis

91 1767 133 1797 20
158 1760 372 1810 spargeret
397 1760 467 1794 aut
492 1752 613 1792 viridi
637 1751 773 1793 fontes
797 1751 1013 1792 induceret
1038 1751 1211 1791 umbra?

157 1818 224 1859 vel
249 1831 355 1870 quae
381 1815 544 1869 sublegi
570 1814 719 1855 tacitus
744 1813 819 1854 tibi
844 1814 1027 1854 carmina
1050 1828 1197 1868 nuper,

159 1895 255 1922 cum
279 1887 319 1920 te
345 1878 398 1919 ad
423 1877 590 1919 delicias
614 1877 757 1925 ferres,
784 1876 1062 1930 Amaryllida,
1087 1875 1274 1917 nostras?

159 1943 337 1997 ‘Tityre,
364 1941 463 1981 dum
488 1939 612 1981 redeo
637 1939 792 1992 (brevis
818 1946 879 1980 est
904 1939 987 1989 via)
1014 1953 1137 1993 pasce
1163 1938 1356 1992 capellas,

159 2013 199 2047 et
222 2011 368 2060 potum
393 2009 533 2058 pastas
558 2017 650 2057 age,
675 2002 832 2056 Tityre,
859 2008 899 2042 et
923 2001 1029 2041 inter
1054 2000 1263 2055 agendum

91 2076 132 2106 25
158 2081 376 2110 occursare
401 2079 525 2120 capro
551 2067 696 2117 (cornu
720 2064 815 2105 ferit
838 2064 923 2117 ille)
949 2063 1120 2105 caveto?

157 2131 250 2172 Mo.
280 2130 416 2170 Immo
441 2127 558 2177 haec,
584 2141 691 2181 quae
715 2127 830 2169 Varo
853 2126 1034 2167 necdum
1058 2125 1242 2180 perfecta
1267 2125 1461 2166 canebat:

159 2195 303 2242 ‘Vare‚
328 2200 446 2233 tuum
470 2205 636 2239 nomen,
663 2196 829 2244 superet
853 2189 977 2230 modo
1001 2187 1183 2229 Mantua
1206 2187 1339 2237 nobis,

158 2256 339 2297 Mantua
362 2269 439 2295 vae
464 2253 638 2294 miserae
662 2253 836 2293 nimium
861 2252 996 2293 vicina
1023 2250 1268 2300 Cremonae,

159 2325 373 2360 cantantes
399 2316 576 2358 sublime
600 2315 733 2357 ferent
759 2315 811 2356 ad
835 2314 972 2355 sidera
996 2313 1140 2368 cycni-⁹

93 2388 134 2420 30
158 2381 238 2422 ΙΝ.
272 2379 344 2422 Sic
368 2387 439 2420 tua
465 2377 654 2433 Cyrneas
679 2378 843 2432 fugiant
869 2377 1060 2418 examina
1083 2383 1216 2426 taxos,

160 2444 218 2486 sic
243 2443 373 2498 cytiso
397 2449 541 2497 pastae
566 2441 801 2482 distendant
826 2440 956 2481 ubera
980 2453 1149 2481 vaccae:

158 2506 308 2562 incipe,
334 2504 470 2559 siquid
494 2504 636 2546 habes.
664 2511 704 2546 et
727 2518 793 2545 me
818 2503 953 2545 fecere
977 2512 1144 2558 poetam

158 2569 361 2617 Pierides,
387 2574 483 2609 sunt
506 2574 545 2609 et
570 2567 672 2608 mihi
696 2566 891 2616 carmina,
916 2580 982 2607 me
1007 2580 1174 2619 quoque
1200 2565 1341 2607 dicunt

159 2640 296 2675 vatem
321 2638 508 2686 pastores
517 2646 528 2680 3
555 2630 627 2672 sed
651 2644 733 2670 non
759 2643 837 2684 ego
863 2628 1057 2670 credulus
1082 2628 1175 2668 illis.
