1622 2847
577 94 830 132 AENEIDOS
851 95 950 131 LIB.
973 93 1000 129 L

175 199 304 241 Paret
328 200 462 241 Amor
486 198 604 240 dictis
631 213 750 240 carae
775 198 994 254 genetricis
1020 204 1061 240 et
1085 198 1171 240 alas

123 262 234 302 exuit
257 267 298 303 et
320 275 468 317 gressu
491 260 678 315 gaudens
703 260 857 302 incedit
879 260 973 301 Iuli.

123 329 165 364 at
185 325 329 366 Venus
353 322 538 364 Ascanio
562 322 768 377 placidam
793 337 868 377 per
892 322 1079 363 membra
1103 323 1285 376 quietem

122 385 271 440 inrigat
295 392 335 426 et
357 384 491 426 fotum
515 385 672 440 gremio
699 385 776 426 dea
800 385 906 426 tollit
929 385 971 425 in
996 385 1100 426 altos

122 447 277 488 Idaliae
300 447 428 495 lucos,
454 446 527 487 ubi
550 447 684 487 mollis
710 461 925 488 amaracus
950 447 1067 487 illum

122 508 288 549 fioribus
313 515 355 549 et
379 508 488 549 dulci
514 508 728 563 adspirans
754 508 1042 563 complectitur
1066 508 1229 551 umbra.

121 569 286 624 iamque
309 570 397 611 ibat
422 570 531 611 dicto
555 585 706 625 parens
732 578 773 611 et
797 570 906 611 dona
932 570 1096 625 Cupido

121 633 235 687 regia
257 632 450 687 portabat
472 633 625 687 Tyriis,
651 634 757 674 duce
782 633 914 674 laetus
939 633 1116 674 Achate.

122 709 217 736 cum
241 695 366 744 venit,
393 695 547 736 aulaeis
572 695 654 735 iam
681 710 724 736 se
749 696 894 750 regina
918 696 1106 750 superbis

121 771 247 798 aurea
271 757 506 811 composuit
530 757 689 812 sponda
713 757 977 811 mediamque
1002 757 1166 807 locavit,

119 817 202 860 iam
226 825 343 874 pater
366 820 535 860 Aeneas
560 826 601 860 et
623 819 706 860 iam
731 820 913 860 Troiana
937 820 1131 861 iuventus

121 881 373 923 conveniunt
396 888 606 935 stratoque
631 897 755 936 super
780 882 1055 923 discumbitur
1078 889 1202 923 ostro.

121 943 221 984 dant
243 943 435 984 manibus
461 943 607 985 famuli
631 944 823 999 lymphas
850 942 1130 998 Cereremque
1156 943 1343 986 canistris

120 1005 348 1059 expediunt
370 1005 583 1058 tonsisque
608 1005 747 1046 ferunt
771 1006 968 1047 mantelia
992 1007 1111 1047 villis.

120 1067 422 1121 quinquaginta
445 1067 556 1108 intus
581 1067 777 1116 famulae,
802 1069 954 1121 quibus
980 1068 1123 1109 ordine
1147 1068 1316 1123 longam

120 1143 220 1170 cura
244 1144 399 1184 penum
422 1135 580 1170 struere
606 1137 647 1170 et
670 1130 847 1170 flammis
873 1130 1038 1171 adolere
1063 1137 1248 1185 penates,

121 1197 287 1233 centum
311 1191 415 1232 aliae
440 1191 694 1245 totidemque
719 1207 839 1246 pares
866 1199 999 1234 aetate
1025 1192 1213 1242 ministri,

120 1253 192 1308 qui
217 1253 396 1308 dapibus
422 1269 585 1295 mensas
611 1262 783 1295 onerent
809 1261 849 1295 et
872 1255 1022 1310 pocula
1045 1262 1214 1310 ponant.

119 1329 197 1358 nec
220 1330 305 1357 non
329 1323 370 1357 et
392 1315 511 1370 Tyrii
535 1331 608 1371 per
632 1316 776 1357 limina
799 1317 908 1358 laeta
932 1317 1170 1370 frequentes

121 1392 364 1427 convenere,
389 1378 487 1419 toris
512 1378 613 1420 iussi
638 1379 899 1420 discumbere
924 1380 1056 1434 pictis.

120 1440 322 1481 mirantur
346 1440 455 1482 dona
478 1441 664 1490 Aeneae,
688 1441 890 1482 mirantur
913 1442 1053 1483 Iulum

119 1503 416 1558 flagrantisque
442 1503 508 1544 dei
533 1504 670 1544 vultus
696 1504 971 1557 simulataque
996 1504 1125 1546 verba

124 1564 379 1621 [pallamque
404 1571 445 1606 et
467 1565 623 1620 pictum
650 1580 796 1607 croceo
822 1566 1011 1607 velamen
1037 1563 1246 1621 acantho.]

120 1628 342 1683 praecipue
366 1627 524 1676 infelix,
548 1627 656 1682 pesti
681 1627 830 1669 devota
854 1628 1032 1677 futurae,

121 1690 278 1745 expleri
303 1696 483 1732 mentem
507 1690 652 1743 nequit
677 1690 936 1744 ardescitque
960 1690 1115 1732 tuendo

121 1751 353 1793 Phoenissa
378 1760 418 1793 et
442 1753 595 1807 pariter
618 1767 747 1807 puero
774 1753 975 1806 donisque
1000 1760 1203 1795 movetur.

121 1815 190 1857 ille
214 1815 288 1855 ubi
313 1815 533 1870 complexu
558 1816 729 1856 Aeneae
756 1815 946 1868 colloque
971 1816 1170 1871 pependit

122 1884 163 1919 et
186 1892 386 1932 magnum
411 1877 505 1918 falsi
529 1877 700 1932 inplevit
726 1877 924 1933 genitoris
949 1892 1146 1927 amorem,

121 1939 309 1995 reginam
333 1939 447 1994 petit.
495 1940 598 1982 haec
622 1940 765 1989 oculis,
791 1940 894 1982 haec
919 1947 1086 1995 pectore
1111 1947 1197 1981 toto

122 2002 266 2044 haeret
290 2008 330 2043 et
353 2002 559 2043 interdum
583 2002 743 2058 gremio
768 2002 895 2051 fovet,
921 2003 1050 2044 inscia
1074 2003 1203 2052 Dido,

121 2064 274 2106 insidat
298 2071 477 2118 quantus
502 2064 676 2105 miserae
701 2065 814 2106 deus.
864 2072 907 2105 at
930 2079 1089 2106 memor
1113 2065 1182 2106 ille

123 2127 263 2168 matris
288 2127 505 2168 Acidaliae
530 2127 729 2182 paulatim
755 2127 921 2169 abolere
947 2126 1187 2182 Sychaeum

122 2189 268 2245 incipit
291 2196 331 2231 et
355 2189 450 2231 vivo
475 2196 650 2244 temptat
673 2196 934 2244 praevertere
959 2204 1098 2232 amore

123 2252 207 2294 iam
230 2251 390 2307 pridem
414 2252 569 2294 resides
594 2252 753 2294 animos
779 2252 1034 2306 desuetaque
1059 2251 1196 2294 corda.

179 2316 410 2369 Postquam
434 2315 568 2370 prima
592 2314 709 2369 quies
735 2315 867 2370 epulis
892 2329 1143 2368 mensaeque
1168 2322 1363 2365 remotae,

125 2384 304 2420 crateras
328 2392 503 2433 magnos
529 2384 714 2419 statuunt
738 2384 778 2418 et
802 2377 898 2418 vina
923 2385 1134 2419 coronant.

124 2441 172 2482 fit
194 2440 386 2495 strepitus
411 2440 528 2482 tectis
553 2454 780 2494 vocemque
805 2455 879 2495 per
904 2440 1041 2495 ampla
1065 2440 1254 2481 volutant

126 2502 246 2552 atria3
273 2502 508 2557 dependent
531 2502 672 2558 lychni
694 2502 958 2556 laquearibus
985 2502 1120 2544 aureis

125 2566 284 2608 incensi
308 2572 349 2607 et
372 2571 534 2607 noctem
559 2565 735 2606 flammis
759 2564 916 2606 funalia
941 2564 1123 2606 vincunt.

1385 87 1462 129 107

1491 269 1556 300 690

1493 580 1556 612 695

1495 893 1559 924 700

1495 1205 1558 1236 705

1495 1518 1559 1548 710

1496 1829 1559 1861 715

1496 2141 1560 2172 720
