1628 2847
197 160 283 208 366,
696 170 876 209 CVLEX.
902 171 1042 208 onus,

195 275 363 330 liliaque
388 281 430 318 et
453 275 555 317 roris
581 289 665 318 non
690 275 786 317 avia
809 290 911 318 cura
935 276 1084 319 marini

168 376 172 381 ,
195 337 408 392 herbaque
433 338 534 380 turis
560 353 661 393 opes
686 338 831 393 priscis
855 338 1016 380 imitata
1041 338 1209 381 Sabinis

106 411 170 442 405

105 725 171 756 410

131 1916 171 1947 10

132 2229 169 2259 15

196 400 550 455 chrysanthesque
575 400 838 454 hederaeque
863 401 971 442 nitor
995 401 1175 456 pallente
1200 401 1400 457 corymbo

196 469 238 505 et
261 462 444 504 bocchus
470 462 635 518 Libyae
659 463 768 518 regis
794 478 964 511 memor,
989 463 1057 505 hic
1081 464 1349 506 amaranthus

196 525 497 579 bumastusque
522 525 660 567 virens
687 534 727 567 et
751 540 915 580 semper
938 525 1085 567 florida
1109 526 1240 576 tinus;

195 602 278 628 non
302 587 414 628 illinc
438 587 647 629 narcissus
672 588 803 637 abest,
828 588 894 629 cui
919 588 1053 643 gloria
1076 588 1235 630 formae

194 650 291 705 igne
318 648 552 704 Cupidineo
576 650 765 706 proprios
791 650 944 692 exarsit
967 650 1010 692 in
1034 657 1167 700 artus3

196 719 238 754 et
259 726 546 766 quoscumque
571 720 727 754 novant
751 713 966 754 vernantia
990 720 1177 768 tempora
1200 713 1336 763 flores,

195 775 259 816 his
284 775 469 816 tumulus
495 790 619 830 super
642 776 849 818 inseritur.
898 782 988 817 tum
1011 776 1147 818 fronte
1171 776 1331 818 locatur

196 838 394 892 elogium,
419 837 545 879 tacita
569 838 720 879 format
745 838 857 892 quod
881 838 1017 879 littera
1041 852 1162 880 voce:

196 904 344 955 ‘parve
369 900 503 948 culex,
529 901 739 955 pecudum
764 907 902 942 custos
927 900 1001 941 tibi
1027 901 1107 942 tale
1133 900 1307 943 merenti

195 962 353 1006 funeris
378 962 563 1005 officium
588 963 698 1005 vitae
722 977 797 1020 pro
822 977 995 1005 munere
1018 963 1180 1006 reddit?

726 1200 1010 1254 CIRIS.

251 1338 344 1380 Etsi
369 1353 450 1388 me,
474 1336 590 1380 vario
614 1337 815 1378 iactatum
838 1336 974 1378 laudis
1000 1349 1140 1378 amore

194 1402 392 1456 irritaque
418 1406 636 1456 expertum
660 1399 820 1441 fallacis
844 1399 1030 1455 praemia
1054 1398 1183 1454 vulgi,

196 1464 427 1519 Cecropius
453 1478 603 1504 suaves
629 1463 823 1517 expirans
847 1462 1035 1503 hortulus
1062 1476 1184 1502 auras

194 1527 378 1569 florentis
403 1526 525 1567 viridi
550 1525 720 1580 sophiae
746 1525 1033 1580 complectitur
1056 1524 1219 1573 umbra,

194 1597 240 1632 ut
265 1604 382 1631 mens
408 1595 525 1630 curet
549 1603 597 1630 eo
623 1588 798 1642 dignum
824 1587 903 1629 sibi
928 1601 1127 1641 quaerere
1154 1600 1321 1627 carmen

194 1653 336 1707 (longe
361 1652 474 1692 aliud
499 1650 683 1692 studium
709 1657 834 1704 atque
860 1650 961 1691 alios
986 1649 1171 1691 accincta
1195 1648 1358 1690 labores

195 1715 317 1757 altius
343 1715 396 1755 ad
420 1713 564 1769 magni
588 1713 777 1768 suspexit
802 1713 938 1754 sidera
963 1712 1108 1753 mundi

195 1785 237 1820 et
259 1777 458 1833 placitum
483 1776 627 1832 paucis
652 1791 755 1817 ausa
779 1783 842 1817 est
866 1775 1092 1816 ascendere
1117 1774 1301 1827 collem):

194 1856 279 1882 non
303 1847 443 1881 tamen
467 1839 666 1880 absistam
691 1845 884 1893 coeptum
910 1838 1104 1879 detexere
1128 1851 1294 1886 munus,

194 1904 238 1945 in
261 1917 344 1957 quo
369 1902 458 1943 iure
483 1917 596 1942 meas
621 1901 780 1942 utinam
806 1900 1066 1954 requiescere
1089 1914 1231 1941 musas

197 1973 238 2008 et
261 1965 407 2007 leviter
430 1964 632 2006 blandum
657 1964 779 2006 liceat
804 1964 1012 2018 deponere
1037 1976 1208 2003 morem.

195 2028 337 2083 †quod
362 2028 396 2069 si
420 2026 643 2068 mirificum
670 2058 864 2068 ......
890 2041 1022 2081 genus
1049 2039 1191 2066 omnes

195 2091 416 2132 mirificum
442 2090 566 2131 saecli
591 2089 715 2130 modo
741 2088 792 2130 sit
815 2088 892 2129 tibi
917 2088 1023 2130 velle
1047 2087 1205 2139 libido†

196 2154 230 2195 si
254 2169 320 2195 me
345 2153 428 2194 iam
453 2168 617 2194 summa
640 2151 844 2207 sapientia
867 2157 1069 2206 pangeret
1096 2163 1204 2199 arce,

196 2223 392 2271 quattuor
417 2215 597 2269 antiquis
622 2229 731 2268 quae
756 2214 979 2256 heredibus
1005 2219 1068 2255 est
1092 2212 1189 2254 data
1213 2225 1395 2261 consors,

195 2279 307 2320 unde
332 2278 547 2319 hominum
573 2292 731 2318 errores
756 2276 881 2331 longe
905 2276 1072 2329 lateque
1096 2290 1171 2330 per
1195 2274 1339 2315 orbem

197 2341 398 2397 dispicere
424 2348 549 2394 atque
574 2340 750 2381 humiles
775 2354 941 2394 possem
967 2345 1231 2380 contemnere
1256 2351 1390 2386 curas,

197 2419 281 2445 non
306 2418 385 2458 ego
410 2410 450 2445 te
476 2403 601 2445 talem
627 2417 847 2444 venerarer
871 2416 1043 2442 munere
1068 2400 1153 2449 tali,

196 2481 280 2508 non
306 2466 512 2520 equidem,
539 2464 729 2519 quamvis
754 2464 961 2506 interdum
987 2463 1130 2504 ludere
1155 2461 1274 2503 nobis

132 2541 173 2571 20
199 2537 240 2572 et
265 2530 461 2584 gracilem
488 2529 601 2570 molli
625 2528 753 2569 libeat
776 2527 882 2583 pede
908 2526 1100 2568 claudere
1127 2539 1313 2574 versum;

200 2593 273 2633 sed
298 2607 451 2645 magno
475 2591 679 2640 intexens,
706 2590 740 2632 si
764 2590 827 2631 fas
854 2596 916 2631 est
941 2589 1091 2638 dicere,
1117 2587 1254 2643 peplo,

199 2655 334 2711 qualis
359 2654 605 2697 Erechtheis
631 2653 728 2695 olim
754 2660 941 2711 portatur
965 2650 1157 2702 Athenis,
