1660 2847
517 159 772 197 AENEIDOS
795 160 892 196 LIB.
915 159 983 196 IX.

81 282 165 308 non
187 266 255 308 hic
278 265 454 307 Atridae
477 278 556 306 nec
580 262 695 306 fandi
719 263 837 306 fictor
860 263 1027 306 Ulixes:

83 329 232 370 durum
256 329 309 369 ab
334 328 461 382 stirpe
484 341 617 381 genus
641 333 760 367 natos
786 326 840 367 ad
863 326 1035 367 flumina
1057 326 1236 380 primum

82 390 307 431 deferimus
333 402 539 442 saevoque
564 389 661 443 gelu
686 388 882 429 duramus
908 394 949 429 et
972 388 1093 429 undis
1102 404 1114 437 ;

81 459 234 493 venatu
256 450 474 505 invigilant
497 451 615 505 pueri
639 450 847 503 silvasque
872 449 1061 504 fatigant,

79 514 243 555 flectere
267 513 390 553 ludus
416 526 543 565 equos
569 519 609 553 et
634 511 792 566 spicula
816 511 985 552 tendere
1010 526 1158 560 cornu3

80 581 123 616 at
145 574 304 629 patiens
329 588 501 628 operum
525 587 737 628 parvoque
762 573 935 614 adsueta
957 573 1152 614 iuventus

79 642 150 677 aut
173 635 312 676 rastris
338 642 488 676 terram
514 635 655 675 domat
679 641 752 675 aut
774 634 906 687 quatit
931 634 1083 689 oppida
1106 634 1234 683 bello;

79 712 200 739 omne
225 712 373 738 aevum
398 696 506 738 ferro
532 698 675 738 teritur
699 710 902 750 versaque
925 696 1148 738 iuvencum

78 765 196 814 terga
219 759 443 815 fatigamus
467 759 598 808 hasta,
624 773 700 800 nec
725 758 843 799 tarda
867 764 1058 800 senectus

78 820 264 862 debilitat
287 821 394 863 vires
420 821 546 862 animi
570 828 785 874 mutatque
809 820 1010 875 vigorem,

77 883 271 925 canitiem
294 884 416 938 galea
440 883 678 938 premimus,
705 897 950 937 semperque
974 881 1150 924 recentis

77 953 334 1000 comportare
358 946 473 987 iuvat
497 945 672 1000 praedas
698 952 739 986 et
762 945 901 986 vivere
925 952 1058 1000 rapto.

77 1007 195 1048 vobis
221 1008 331 1063 picta
356 1022 475 1049 croco
500 1015 542 1049 et
565 1006 742 1062 fulgenti
767 1007 923 1048 murice
947 1007 1089 1056 vestis,

76 1069 258 1111 desidiae
282 1070 408 1118 cordi,
433 1070 550 1111 iuvat
572 1069 788 1124 indulgere
814 1069 986 1117 choreis,

75 1137 117 1173 et
140 1132 305 1173 tunicae
327 1132 511 1173 manicas
536 1138 578 1173 et
601 1131 756 1172 habent
778 1131 1022 1172 redimicula
1045 1130 1204 1172 mitrae.

74 1208 99 1234 o
123 1208 220 1235 vere
243 1193 469 1249 Phrygiae,
493 1208 628 1247 neque
653 1193 762 1234 enim
785 1192 992 1248 Phryges,
1017 1193 1072 1234 ite
1097 1208 1172 1248 per
1196 1192 1280 1235 alta

74 1255 303 1311 Dindyma,
327 1256 399 1296 ubi
424 1256 605 1297 adsuetis
630 1255 807 1296 biforem
832 1255 902 1296 dat
925 1255 1028 1297 tibia
1052 1262 1239 1304 cantum3

75 1324 273 1373 tympana
295 1332 369 1359 vos
394 1318 615 1371 buxusque
639 1323 762 1358 vocat
784 1317 1034 1371 Berecyntia
1057 1317 1199 1359 matris

74 1380 245 1421 Idaeae:
273 1380 392 1421 sinite
417 1395 532 1421 arma
556 1379 653 1420 viris
679 1386 717 1420 et
744 1379 876 1421 cedite
900 1379 1036 1421 ferro.'

131 1442 251 1483 Talia
274 1442 496 1483 iactantem
521 1442 639 1483 dictis
665 1456 713 1483 ac
737 1441 827 1482 dira
851 1448 1068 1483 canentem

72 1519 156 1545 non
181 1504 274 1544 tulit
296 1504 518 1553 Ascanius,
543 1518 754 1557 nervoque
779 1503 978 1545 obversus
1005 1504 1155 1558 equino

73 1566 284 1608 contendit
309 1567 436 1608 telum
461 1566 706 1619 diversaque
732 1565 926 1607 bracchia
951 1566 1106 1607 ducens

73 1628 265 1678 constitit,
291 1635 385 1669 ante
409 1628 553 1669 Iovem
577 1629 754 1683 supplex
778 1643 852 1682 per
875 1634 973 1669 vota
997 1634 1207 1683 precatus:

73 1690 279 1745 ‘Iuppiter
303 1690 576 1745 omnipotens,
602 1690 830 1731 audacibus
857 1689 993 1731 adnue
1021 1690 1192 1744 coeptis.

71 1752 160 1807 ipse
185 1752 259 1793 tibi
284 1752 336 1794 ad
361 1759 433 1794 tua
457 1753 611 1807 templa
636 1752 765 1793 feram
791 1752 1006 1793 sollemnia
1029 1752 1138 1793 dona

73 1822 114 1857 et
138 1821 315 1856 statuam
340 1821 435 1856 ante
460 1830 552 1856 aras
577 1821 722 1855 aurata
745 1814 881 1856 fronte
904 1814 1142 1863 iuvencum,

73 1876 317 1918 candentem
341 1876 576 1931 pariterque
602 1884 725 1931 caput
751 1891 846 1917 cum
870 1883 1001 1918 matre
1025 1876 1241 1925 ferentem,

71 1938 154 1979 iam
180 1953 308 1980 cornu
331 1945 446 1993 petat
470 1945 509 1979 et
532 1938 708 1993 pedibus
733 1938 805 1992 qui
830 1945 1000 1993 spargat
1022 1937 1247 1980 harenam.'

73 2000 203 2041 audiit
227 2007 268 2042 et
291 2000 393 2041 caeli
417 2000 580 2055 genitor
605 2000 656 2041 de
679 2006 796 2054 parte
821 2015 967 2041 serena

71 2062 251 2103 intonuit
272 2062 453 2111 laevum,
478 2069 598 2103 sonat
620 2077 704 2103 una
728 2061 868 2103 fatifer
893 2076 1026 2103 arcus.

0 2143 1 2146 ¹
72 2123 219 2178 effugit
242 2124 493 2165 horrendum
517 2123 693 2164 stridens
717 2123 898 2164 adducta
921 2123 1073 2178 sagitta

0 2200 1 2203 ’
72 2200 228 2241 perque
253 2192 379 2241 caput
401 2185 568 2227 Remuli
593 2185 707 2226 venit
731 2191 772 2226 et
795 2200 898 2226 cava
922 2192 1108 2240 tempora
1131 2185 1240 2227 ferro

73 2248 220 2289 traicit.
269 2248 314 2297 ‘i,
340 2247 476 2289 verbis
501 2247 696 2288 virtutem
719 2246 861 2288 inlude
886 2246 1093 2301 superbis!

73 2311 136 2351 bis
161 2309 271 2364 capti
294 2309 485 2365 Phryges
511 2309 614 2351 haec
638 2309 804 2350 Rutulis
828 2323 1028 2364 responsa
1050 2308 1291 2352 remittunt?

72 2372 150 2413 hoc
175 2378 336 2412 tantum
359 2371 586 2412 Ascanius:
612 2371 765 2412 Teucri
791 2371 968 2413 clamore
996 2377 1227 2425 sequuntur

72 2433 310 2486 laetitiaque
334 2432 516 2474 fremunt
539 2433 782 2486 animosque
807 2433 860 2474 ad
885 2432 1020 2474 sidera
1043 2433 1206 2475 tollunt.

74 2494 256 2536 aetheria
280 2501 370 2535 tum
394 2494 500 2537 forte
524 2496 650 2550 plaga
675 2495 844 2536 crinitus
868 2495 1023 2550 Apollo

75 2557 251 2612 desuper
274 2557 485 2599 Ausonias
512 2559 620 2599 acies
647 2557 875 2611 urbemque
899 2557 1079 2606 videbat,

73 2620 183 2661 nube
209 2619 369 2670 sedens,
395 2627 517 2675 atque
541 2620 605 2662 his
630 2619 827 2661 victorem
854 2619 1020 2661 adfatur
1044 2619 1200 2661 Iulum:

1339 149 1422 194 269

1448 335 1514 366 600

1447 643 1512 675 605

1446 953 1511 985 610

1444 1264 1508 1296 615

1442 1575 1507 1607 620

1440 1886 1505 1918 625

1439 2198 1505 2230 630

1440 2507 1503 2540 635
