1660 2847
146 529 211 560 490

143 841 208 872 495

142 1156 207 1187 500

141 1467 205 1498 505

139 1781 205 1812 510

139 2094 203 2125 515

139 2407 205 2439 520

239 155 322 198 226
336 184 338 187 -
655 164 699 199 P.
718 163 929 201 VERGILI
954 164 1177 202 MARONIS

238 274 426 310 armenta
449 274 491 311 et
513 268 594 310 late
620 268 808 310 custodia
832 268 988 311 credita
1012 270 1161 325 campi.

238 331 458 372 adsuetum
481 330 664 386 imperiis
689 345 804 372 soror
827 331 941 372 omni
966 330 1099 374 Silvia
1123 346 1223 374 cura

236 393 432 434 mollibus
457 393 647 434 intexens
671 393 847 434 ornabat
871 408 1026 435 cornua
1050 394 1168 436 sertis

236 456 512 510 pectebatque
536 455 672 496 ferum
696 470 884 510 puroque
910 455 952 496 in
977 455 1090 497 fonte
1114 456 1293 499 lavabat.

234 518 317 567 ille,
342 533 512 559 manum
536 518 696 572 patiens
721 532 974 572 mensaeque
999 518 1196 561 adsuetus
1221 519 1322 570 erili,

238 580 403 622 errabat
427 580 540 621 silvis
566 594 791 634 rursusque
817 581 869 622 ad
893 580 1037 622 limina
1060 588 1158 622 nota

234 643 324 698 ipse
349 643 519 683 domum
544 657 636 684 sera
660 643 850 697 quamvis
877 658 920 685 se
945 650 1065 685 nocte
1088 643 1262 686 ferebat.

234 705 346 747 hunc
370 705 515 760 procul
540 712 744 747 errantem
768 705 938 747 rabidae
963 706 1150 747 venantis
1174 706 1256 747 Iuli

235 782 497 810 commovere
522 782 659 818 canes,
686 768 811 809 fluvio
837 783 932 810 cum
956 768 1063 810 forte
1088 768 1270 810 secundo

234 831 433 872 deflueret
458 830 630 885 ripaque
656 837 793 872 aestus
819 831 1022 872 viridante
1046 831 1215 872 levaret.

233 894 323 948 ipse
348 892 486 942 etiam,
513 892 688 934 eximiae
713 893 848 934 laudis
873 907 1096 934 succensus
1122 907 1276 943 amore,

232 956 442 997 Ascanius
468 969 595 996 curvo
621 955 772 996 direxit
795 955 954 1010 spicula
979 969 1125 1004 cornu3

231 1033 310 1060 nec
335 1018 504 1060 dextrae
530 1018 682 1059 erranti
708 1018 810 1059 deus
836 1017 942 1059 afuit
967 1025 1141 1071 actaque
1165 1017 1296 1059 multo

232 1094 389 1136 perque
414 1088 578 1122 uterum
603 1080 740 1121 sonitu
764 1093 920 1134 perque
945 1080 1015 1121 ilia
1040 1080 1153 1121 venit
1177 1079 1378 1122 harundo.

232 1144 397 1185 saucius
423 1150 464 1184 at
488 1142 726 1198 quadrupes
751 1150 849 1183 nota
873 1143 983 1183 intra
1007 1149 1116 1184 tecta
1139 1142 1296 1197 refugit

232 1205 513 1259 successitque
539 1220 711 1260 gemens
737 1205 910 1246 stabulis
936 1212 1171 1259 questuque
1197 1211 1393 1246 cruentus

231 1276 355 1322 atque
379 1267 616 1322 imploranti
641 1267 784 1308 similis
810 1274 966 1309 tectum
991 1282 1113 1309 omne
1137 1267 1336 1322 replebat.

232 1330 365 1373 Silvia
388 1330 524 1385 prima
549 1344 677 1379 soror,
702 1329 850 1385 palmis
876 1344 1075 1385 percussa
1098 1330 1288 1378 lacertos,

232 1393 433 1434 auxilium
457 1399 580 1433 vocat
604 1398 645 1433 et
668 1391 794 1433 duros
820 1392 1053 1434 conclamat
1076 1392 1265 1447 agrestis.

231 1457 300 1497 olli
325 1455 473 1510 (pestis
499 1455 608 1496 enim
634 1455 767 1496 tacitis
793 1455 893 1496 latet
918 1469 1065 1510 aspera
1089 1455 1219 1506 silvis)

230 1518 429 1574 inprovisi
454 1518 620 1566 adsunt,
644 1517 712 1558 hic
737 1523 847 1558 torre
872 1525 1055 1559 armatus
1081 1517 1242 1565 obusto,

231 1581 380 1636 stipitis
404 1580 472 1621 hio
495 1580 659 1636 gravidi
683 1580 823 1629 nodis3
849 1580 961 1634 quod
988 1580 1137 1633 cuique
1161 1586 1372 1634 repertum

229 1643 409 1692 rimanti,
434 1642 564 1684 telum
588 1642 649 1683 ira
674 1642 786 1683 facit.
834 1649 957 1684 vocat
981 1642 1149 1696 agmina
1173 1642 1376 1696 Tyrrhus,

230 1705 506 1760 quadrifidam
530 1719 731 1759 quercum
756 1704 897 1746 cuneis
922 1711 969 1746 ut
991 1704 1097 1745 forte
1122 1704 1275 1746 coactis

230 1769 459 1817 scindebat,
485 1774 604 1822 rapta
629 1767 789 1822 spirans
814 1767 994 1808 immane
1019 1767 1165 1808 securi.

229 1838 272 1873 at
295 1846 420 1872 saeva
444 1845 466 1871 e
492 1830 670 1884 speculis
696 1837 860 1884 tempus
886 1829 964 1871 dea
987 1836 1111 1870 nacta
1135 1829 1313 1870 nocendi

229 1894 360 1936 ardua
384 1900 493 1934 tecta
518 1893 621 1947 petit
646 1892 797 1934 stabuli
823 1899 864 1933 et
888 1892 939 1933 de
965 1892 1146 1933 culmine
1171 1906 1332 1932 summo

228 1956 435 2012 pastorale
461 1955 572 1996 canit
596 1954 763 2009 signum
788 1969 1000 2008 cornuque
1025 1969 1200 1996 recurvo

229 2020 473 2060 Tartaream
498 2017 676 2059 intendit
699 2032 858 2066 vocem,
884 2031 968 2070 qua
992 2016 1179 2072 protinus
1205 2031 1327 2058 omne

229 2081 477 2124 contremuit
499 2095 647 2121 nemus
672 2086 714 2121 et
737 2080 865 2121 silvae
890 2080 1110 2121 insonuere
1135 2079 1366 2134 profundae
1375 2096 1385 2129 ;

229 2144 361 2186 audiit
385 2151 423 2185 et
450 2143 618 2184 Triviae
642 2143 766 2197 longe
791 2143 920 2192 lacus,
947 2142 1078 2183 audiit
1101 2142 1234 2183 amnis

230 2208 426 2262 sulpurea
448 2206 535 2247 Nar
560 2205 679 2246 albus
705 2219 814 2258 aqua
838 2204 1057 2258 fontesque
1081 2204 1233 2252 Velini,

230 2277 272 2312 et
295 2269 481 2324 trepidae
506 2275 656 2310 matres
682 2282 868 2323 pressere
894 2267 947 2308 ad
971 2274 1139 2322 pectora
1163 2273 1294 2308 natos.

229 2339 318 2373 tum
341 2346 440 2373 vero
466 2330 518 2372 ad
543 2345 688 2372 vocem
713 2329 882 2378 celeres,
909 2343 992 2383 qua
1015 2328 1168 2370 bucina
1192 2329 1358 2384 signum

230 2395 318 2436 dira
344 2394 469 2442 dedit,
494 2394 622 2448 raptis
648 2398 900 2433 concurrunt
923 2392 1106 2446 undique
1131 2391 1222 2432 telis

227 2456 418 2499 indomiti
443 2456 662 2511 agricolae,
687 2469 764 2496 nec
788 2469 871 2495 non
897 2461 937 2496 et
961 2454 1088 2496 Troia
1112 2453 1244 2508 pubes

229 2519 414 2561 Ascanio
439 2518 640 2559 auxilium
666 2517 809 2558 castris
835 2516 1013 2558 effundit
1037 2516 1202 2571 apertis.

229 2583 416 2624 direxere
441 2582 564 2622 acies.
612 2595 696 2622 non
720 2580 803 2621 iam
829 2579 1051 2621 certamine
1076 2578 1244 2633 agresti,

230 2644 438 2701 stipitibus
464 2643 577 2686 duris
603 2643 740 2699 agitur
763 2641 992 2684 sudibusve
1015 2641 1234 2698 praeustis,
