1628 2847
168 99 252 142 324
577 111 620 146 P.
642 109 852 147 VERGILI
876 110 1100 148 MARONIS

101 224 141 256 65
167 214 379 269 flagrantis
404 214 573 270 perfusa
598 230 741 270 genas,
767 214 833 257 cui
857 215 1059 270 plurimus
1083 216 1224 271 ignem

168 277 345 319 subiecit
369 278 496 319 rubor
521 284 562 319 et
586 277 788 320 calefacta
811 292 885 333 per
909 292 981 319 ora
1006 279 1198 321 cucurrit.

165 339 319 381 Indum
345 340 575 395 sanguineo
602 340 729 382 veluti
754 340 971 382 violaverit
995 348 1105 382 ostro

167 401 294 455 siquis
320 403 436 451 ebur,
461 409 533 443 aut
556 402 686 444 mixta
709 402 861 444 rubent
885 402 959 444 ubi
982 403 1067 444 lilia
1091 404 1222 445 multa

165 464 261 505 alba
284 479 391 513 rosa,
417 465 509 506 talis
534 465 651 520 virgo
677 464 803 506 dabat
828 480 899 507 ore
924 465 1094 506 colores.

98 538 139 568 70
164 526 281 568 illum
306 527 447 568 turbat
471 542 600 577 amor,
625 527 800 582 figitque
825 527 868 568 in
894 527 1054 582 virgine
1079 528 1230 570 vultus.

163 589 281 631 ardet
303 589 346 630 in
370 605 485 630 arma
509 590 642 644 magis
667 589 895 644 paucisque
921 589 1088 631 adfatur
1112 591 1329 632 Amatam:

163 650 247 701 ‘ne‚
279 666 448 706 quaeso,
473 668 526 694 ne
551 667 617 694 me
641 652 822 694 lacrimis
848 667 953 693 neve
978 652 1117 693 omine
1141 659 1254 694 tanto

162 728 415 769 prosequere
439 714 483 756 in
508 714 600 756 duri
625 714 853 756 certamina
876 714 1027 755 Martis
1052 721 1232 764 euntem,

163 791 187 817 ο
212 783 362 826 mater3
388 791 526 831 neque
551 777 660 819 enim
685 777 830 818 Turno
856 791 974 818 mora
997 776 1129 818 libera
1152 777 1310 820 mortis.

96 849 137 880 75
161 839 331 880 nuntius
357 838 460 881 haec
484 839 634 881 Idmon
659 839 849 894 Phrygio
875 854 968 880 mea
992 839 1104 880 dicta
1128 846 1305 894 tyranno

161 900 275 943 haud
300 901 502 956 placitura
526 901 653 943 refer:
681 916 777 942 cum
802 901 983 956 primum
1009 901 1189 943 crastina
1214 901 1328 943 caelo

161 964 349 1018 puniceis
375 964 539 1005 invecta
562 964 660 1005 rotis
686 964 855 1005 Aurora
879 964 1058 1013 rubebit,

161 1040 245 1067 non
270 1026 456 1067 Teucros
482 1033 580 1081 agat
604 1026 646 1067 in
671 1025 868 1076 Rutulos3
893 1026 1106 1067 Teucrum
1131 1041 1246 1068 arma
1270 1026 1486 1082 quiescant

163 1095 204 1129 et
228 1089 393 1137 Rutuli3
419 1095 561 1130 nostro
587 1088 830 1129 dirimamus
856 1088 1059 1143 sanguine
1083 1088 1238 1130 bellum
1248 1105 1258 1138 3

94 1162 138 1193 80
160 1150 231 1192 illo
257 1158 481 1205 quaeratur
506 1151 687 1192 coniunx
711 1150 893 1192 Lavinia
917 1151 1092 1206 campo?

217 1214 339 1255 Haec
363 1213 436 1255 ubi
461 1213 571 1255 dicta
596 1214 709 1255 dedit
732 1214 987 1269 rapidusque
1012 1214 1054 1254 in
1080 1219 1189 1256 tecta
1212 1213 1394 1264 recessit,

162 1276 296 1331 poscit
321 1290 451 1330 equos
476 1276 717 1331 gaudetque
743 1282 862 1318 tuens
889 1284 985 1317 ante
1010 1291 1082 1317 ora
1106 1275 1333 1326 frementis,

161 1338 359 1380 Pilumno
384 1352 488 1392 quos
513 1339 605 1394 ipsa
631 1338 758 1380 decus
783 1338 895 1380 dedit
922 1336 1131 1394 Orithyia,

162 1401 235 1454 qui
260 1401 438 1442 candore
462 1400 580 1442 nives
605 1401 822 1450 anteirent,
848 1401 1036 1442 cursibus
1062 1416 1197 1442 auras.

95 1475 136 1507 85
163 1464 431 1505 circumstant
454 1463 619 1518 properi
643 1463 814 1518 aurigae
839 1463 1117 1516 manibusque
1141 1463 1351 1505 lacessunt

161 1532 330 1581 pectora
353 1526 501 1580 plausa
527 1525 639 1567 cavis
664 1532 705 1567 et
730 1525 836 1566 colla
861 1526 1067 1567 comantia
1092 1532 1275 1580 pectunt.

161 1589 251 1644 ipse
276 1588 426 1630 dehinc
452 1603 553 1629 auro
579 1588 839 1643 squalentem
865 1589 1044 1642 alboque
1070 1588 1277 1630 orichalco

163 1651 392 1692 circumdat
415 1651 586 1692 loricam
611 1651 779 1700 umeris,
806 1651 928 1692 simul
954 1657 1068 1706 aptat
1096 1651 1288 1692 habendo

163 1727 388 1767 ensemque
414 1713 676 1768 clipeumque
703 1720 744 1754 et
767 1713 918 1755 rubrae
944 1728 1099 1754 cornua
1126 1714 1287 1761 cristae,

96 1788 138 1819 90
163 1791 316 1825 ensem,
342 1790 467 1830 quem
491 1775 647 1816 Dauno
673 1775 908 1830 ignipotens
934 1775 1037 1817 deus
1061 1775 1149 1830 ipse
1175 1776 1336 1831 parenti

162 1839 318 1880 fecerat
343 1845 383 1879 et
408 1837 559 1893 Stygia
583 1838 830 1879 candentem
856 1838 1035 1879 tinxerat.
1058 1838 1183 1879 unda.

163 1901 272 1949 exin,
299 1915 406 1954 quae
431 1900 577 1941 mediis
602 1900 761 1954 ingenti
786 1900 940 1941 adnixa
964 1901 1182 1942 columnae

164 1963 336 2005 aedibus
362 1963 566 2012 adstabat,
592 1963 774 2004 validam
799 1963 839 2004 vi
865 1962 1033 2018 corripit
1056 1963 1233 2013 hastam,

163 2026 332 2067 Actoris
358 2025 549 2066 Aurunci
574 2026 766 2080 spolium,
793 2033 1046 2080 quassatque
1072 2031 1317 2068 trementem

97 2100 138 2131 95
164 2088 414 2131 vociferans:
443 2092 585 2137 ‘nunc,
612 2102 636 2128 ο
661 2102 891 2142 numquam
916 2088 1114 2129 frustrata
1138 2096 1309 2130 vocatus

163 2152 282 2193 hasta
305 2165 434 2199 meos,
459 2165 571 2191 nunc
596 2157 759 2205 tempus
785 2151 922 2200 adest3
949 2157 989 2191 te
1013 2150 1219 2192 maximus
1243 2151 1390 2202 Actor,

164 2221 204 2255 te
228 2214 361 2254 Turni
386 2228 498 2254 nunc
523 2213 670 2254 dextra
694 2213 814 2268 gerit.
863 2213 916 2254 da
941 2220 1124 2254 sternere
1149 2228 1299 2268 corpus

162 2276 417 2328 loricamque
441 2290 567 2317 manu
592 2275 731 2317 valida
754 2276 935 2317 lacerare
960 2275 1169 2317 revulsam

165 2338 347 2380 semiviri
371 2338 555 2393 Phrygis
582 2348 623 2379 et
647 2337 816 2380 foedare
841 2339 883 2379 in
908 2339 1078 2393 pulvere
1104 2338 1228 2380 crinis

76 2413 139 2443 100
164 2401 347 2442 vibratos
372 2401 505 2441 calido
529 2400 638 2442 ferro
664 2415 886 2454 murraque
911 2400 1142 2442 madentis.'

164 2463 227 2504 his
253 2463 391 2517 agitur
415 2462 547 2512 furiis,
574 2469 745 2517 totoque
770 2463 952 2504 ardentis
978 2463 1031 2503 ab
1056 2477 1126 2504 ore

166 2526 365 2567 scintillae
391 2525 610 2576 absistunt,
635 2526 764 2566 oculis
790 2526 915 2567 micat
940 2525 1103 2566 acribus
1128 2525 1256 2579 ignis3

165 2588 349 2644 mugitus
375 2588 503 2630 veluti
528 2603 622 2631 cum
647 2589 781 2644 prima
805 2588 847 2630 in
872 2587 1029 2644 proelia
1054 2593 1196 2629 taurus
