1660 2847
593 159 845 197 AENEIDOS
869 160 964 194 LIB.
989 158 1036 195 V.
1409 148 1491 190 175

143 267 296 308 invitat
320 266 461 321 pretiis
486 265 644 306 animos
670 272 711 306 et
734 263 918 320 praemia
942 263 1070 318 ponit.

144 329 330 382 undique
355 328 607 369 conveniunt
631 326 784 368 Teucri
807 325 1011 379 mixtique
1038 323 1193 373 Sicani,

143 392 272 433 Nisus
298 397 339 432 et
362 390 573 444 Euryalus
598 389 733 443 primi,

144 453 354 508 Euryalus
379 452 514 493 forma
537 452 711 506 insignis
737 450 941 503 viridique
966 449 1148 498 iuventa,
1517 459 1580 490 295

144 515 271 556 Nisus
296 529 435 556 amore
459 515 528 569 pio
552 514 690 569 pueri3
716 527 820 567 quos
846 512 995 553 deinde
1021 518 1188 553 secutus

144 577 282 631 regius
307 576 476 631 egregia
499 576 657 617 Priami
682 575 733 616 de
758 575 884 629 stirpe
908 573 1079 622 Diores3

144 639 255 679 hunc
280 637 419 680 Salius
445 639 565 679 simul
592 645 633 679 et
656 638 827 685 Patron,
854 650 1030 690 quorum
1056 636 1159 677 alter
1183 636 1396 684 Acarnan,

145 701 247 742 alter
271 701 324 741 ab
349 701 534 741 Arcadio
559 700 779 754 Tegeaeae
805 698 1008 752 sanguine
1033 698 1187 752 gentis3

144 768 232 803 tum
257 763 339 803 duo
364 762 568 803 Trinacrii
591 762 777 811 iuvenes,
804 761 1012 815 Helymus
1036 760 1328 814 Panopesque,
1519 771 1583 802 300

145 824 306 865 adsueti
331 824 457 874 silvis,
484 824 654 866 comites
680 824 852 865 senioris
877 823 1077 871 Acestae3

143 887 263 927 multi
287 894 514 941 praeterea,
541 901 645 940 quos
670 886 783 927 fama
807 885 985 926 obscura
1009 884 1207 926 recondit.

145 949 312 990 Aeneas
338 949 489 1003 quibus
514 949 556 990 in
580 949 728 990 mediis
754 948 812 989 sic
837 947 987 989 deinde
1011 947 1193 988 locutus:

145 1011 340 1066 ‘accipite
365 1012 468 1053 haec
493 1012 641 1053 animis
667 1012 880 1064 laetasque
906 1010 1107 1051 advertite
1132 1016 1305 1050 mentes.

144 1088 266 1115 nemo
292 1089 344 1115 ex
367 1074 445 1115 hoo
470 1088 642 1115 numero
666 1074 767 1114 mihi
792 1088 875 1114 non
901 1073 1078 1113 donatus
1104 1072 1247 1113 abibit.
1520 1083 1583 1114 305

147 1134 306 1177 Gnosia
330 1137 427 1177 bina
452 1137 561 1177 dabo
586 1137 720 1178 levato
746 1136 885 1177 lucida
909 1136 1019 1176 ferro

146 1198 304 1252 spicula
329 1199 612 1252 caelatamque
638 1205 810 1253 argento
836 1198 943 1239 ferre
970 1198 1212 1252 bipennem:

146 1260 336 1300 omnibus
362 1261 428 1301 hic
452 1261 528 1302 erit
552 1276 659 1301 unus
684 1260 815 1301 honos
824 1276 834 1309 3
860 1267 941 1301 tres
967 1259 1152 1314 praemia
1176 1258 1298 1313 primi

146 1322 348 1376 accipient
372 1323 562 1376 flavaque
588 1333 713 1377 caput
736 1329 954 1363 nectentur
978 1322 1099 1362 oliva.

144 1384 303 1439 primus
328 1399 481 1438 equum
505 1385 684 1440 phaleris
709 1385 915 1439 insignem
941 1384 1071 1425 victor
1095 1383 1266 1432 habet03
1519 1395 1584 1426 310

146 1447 249 1488 alter
273 1448 549 1488 Amazoniam
574 1447 813 1502 pharetram
839 1448 1087 1502 plenamque
1113 1445 1275 1501 sagittis

145 1508 361 1558 Threiciis,
386 1510 468 1551 lato
493 1524 617 1563 quam
645 1510 799 1551 circum
825 1509 1088 1564 amplectitur
1113 1522 1213 1549 auro

145 1570 306 1613 balteus
334 1579 374 1613 et
398 1573 517 1613 tereti
543 1573 751 1613 subnectit
775 1572 904 1612 fibula
930 1587 1116 1626 gemma3

145 1634 289 1675 tertius
314 1635 516 1689 Argolica
540 1635 618 1676 hac
643 1636 765 1689 galea
790 1642 1007 1675 contentus
1034 1633 1171 1674 abito.’

145 1694 249 1738 haec
273 1697 345 1737 ubi
370 1698 493 1746 dicta,
518 1698 656 1739 locum
682 1697 850 1752 capiunt
875 1697 1078 1751 signoque
1104 1702 1275 1750 repente
1520 1707 1584 1737 315

147 1759 372 1813 corripiunt
397 1760 529 1814 spatia
554 1760 696 1800 audito
720 1760 930 1812 limenque
954 1759 1196 1812 relinquunt

148 1820 269 1862 effusi
293 1822 433 1863 nimbo
460 1822 625 1871 similes,
651 1823 773 1863 simul
798 1822 944 1863 ultima
969 1821 1147 1875 signant.

147 1883 304 1937 primus
329 1885 413 1925 abit
438 1885 644 1939 longeque
669 1892 765 1926 ante
791 1885 931 1925 omnia
956 1899 1129 1938 corpora
1153 1883 1280 1924 Nisus

149 1945 310 1996 emicat,
335 1954 376 1988 et
400 1947 534 1988 ventis
560 1954 600 1988 et
624 1947 810 1988 fulminis
835 1947 947 1988 ocior
972 1946 1066 1995 alis3

149 2008 361 2061 proximus
386 2009 496 2058 huic,
522 2010 647 2065 longo
674 2010 747 2051 sed
770 2010 983 2064 proximus
1008 2007 1240 2057 intervallo,
1521 2020 1586 2052 320

149 2069 379 2124 insequitur
406 2071 544 2114 Salius
553 2089 563 2121 3
590 2072 723 2127 spatio
747 2080 842 2126 post
866 2071 1017 2113 deinde
1042 2071 1184 2112 relicto

150 2132 295 2174 tertius
321 2133 550 2188 Euryalus3

150 2193 464 2250 Euryalumque
489 2197 696 2251 Helymus
723 2195 926 2249 sequitur3
953 2210 1034 2249 quo
1061 2195 1209 2237 deinde
1235 2195 1312 2236 sub
1337 2194 1426 2250 ipso

151 2271 248 2298 ecce
272 2259 385 2299 volat
408 2260 647 2312 calcemque
673 2258 766 2299 terit
789 2259 872 2299 iam
897 2258 1010 2299 calce
1034 2258 1201 2306 Diores,

150 2319 393 2361 incumbens
417 2336 579 2370 umero3
606 2321 738 2375 spatia
764 2328 804 2361 et
827 2320 862 2361 si
886 2321 1007 2375 plura
1032 2320 1252 2375 supersint,
1522 2330 1584 2360 325

151 2389 332 2423 transeat
356 2383 519 2437 elapsus
544 2383 656 2438 prior
680 2382 978 2437 ambiguumve
1001 2382 1220 2435 relinquat.

152 2444 318 2498 iamque
342 2444 427 2485 fere
453 2446 585 2500 spatio
610 2452 794 2487 extremo
819 2444 1001 2498 fessique
1027 2445 1105 2485 sub
1130 2445 1264 2499 ipsam

152 2506 278 2547 finem
302 2506 596 2556 adventabant,
621 2507 703 2548 levi
728 2521 823 2547 cum
848 2507 1050 2561 sanguine
1074 2506 1202 2547 Nisus

151 2568 304 2609 labitur
328 2568 485 2618 infelix,
511 2569 640 2611 caesis
665 2575 712 2609 ut
737 2569 842 2610 forte
865 2569 1052 2610 iuvencis

151 2630 270 2672 fusus
295 2630 467 2671 humum
493 2632 718 2686 viridisque
743 2646 868 2686 super
891 2631 1171 2673 madefecerat
1194 2630 1357 2672 herbas,
1520 2638 1584 2670 330
