1622 2847
581 149 785 187 ECLOGA
807 148 892 186 Vn.
1357 136 1408 178 17

68 271 217 311 cogere
242 257 372 298 donec
396 270 495 297 oves
520 255 694 297 stabulis
718 267 1020 307 numerumque
1043 251 1188 294 referri
1437 256 1479 288 85

66 318 186 360 iussit
209 326 249 361 et
271 319 401 360 invito
425 317 627 373 processit
649 319 813 373 Vesper
837 315 1036 371 Olympo.

524 522 815 573 ECLOGA
844 522 950 571 VII.

194 641 570 682 MELIBOEUS.
631 641 943 682 CORYDON.
1004 640 1286 681 THYRSIS.

118 752 208 794 Mn.
237 753 364 795 Forte
387 754 466 795 sub
491 760 639 810 arguta
664 753 907 794 consederat
930 752 1022 794 ilice
1048 751 1254 807 Daphnis,

64 815 435 870 compulerantque
460 831 609 871 greges
637 815 836 870 Corydon
862 822 902 856 et
926 815 1100 869 Thyrsis
1125 815 1169 856 in
1192 829 1336 864 unum,

63 876 238 932 Thyrsis
262 878 364 928 ovis,
391 877 589 934 Corydon
614 879 814 919 distentas
839 878 945 919 lacte
970 878 1163 932 capellas,

63 940 186 981 ambo
209 941 402 983 florentes
428 942 647 990 aetatibus,
673 940 862 982 Arcades
888 940 1026 989 ambo,

63 1009 104 1044 et
127 1010 294 1045 cantare
318 1019 440 1058 pares
465 1011 505 1046 et
529 1004 780 1059 respondere
804 1002 951 1058 parati.
1457 1007 1475 1036 5

62 1064 144 1106 huc
167 1065 281 1115 mihi,
308 1066 408 1107 dum
431 1073 595 1108 teneras
620 1066 800 1107 defendo
825 1081 849 1106 a
872 1065 1027 1119 frigore
1051 1072 1222 1119 myrtos,

61 1127 125 1168 vir
148 1128 287 1183 gregis
312 1129 401 1183 ipse
426 1143 552 1184 caper
576 1129 852 1177 decri-averat,
878 1135 1003 1180 atque
1029 1142 1106 1182 ego
1130 1126 1347 1182 Daphnim

62 1189 231 1244 aspicio.
280 1190 349 1232 ille
374 1191 447 1232 ubi
471 1206 538 1232 me
564 1198 707 1233 contra
730 1190 857 1239 videt,
884 1189 1036 1231 ‘ocius’
1061 1190 1195 1243 inquit

61 1251 163 1293 ‘huc
188 1252 300 1303 ades,
326 1267 350 1294 ο
375 1252 604 1295 Meliboee:
632 1267 756 1307 caper
780 1252 856 1293 tibi
880 1252 1019 1293 salvus
1045 1259 1085 1293 et
1110 1252 1250 1293 haedi:

61 1320 102 1356 et
125 1314 261 1368 siquid
285 1329 447 1357 cessare
470 1322 602 1370 potes,
627 1315 839 1369 requiesce
864 1314 942 1356 sub
967 1315 1127 1356 umbra.
1436 1320 1476 1350 10

60 1376 143 1418 huc
166 1377 245 1432 ipsi
269 1385 415 1433 potum
439 1378 606 1420 venient
629 1393 704 1433 per
727 1385 846 1432 prata
870 1377 1049 1426 iuvenci,

59 1438 127 1480 hic
151 1439 293 1481 viridis
317 1448 460 1483 tenera
483 1440 688 1496 praetexit
711 1440 943 1481 harundine
967 1439 1079 1494 ripas

59 1500 257 1552 Mincius,
283 1517 388 1557 eque
412 1512 530 1544 sacra
553 1510 748 1544 resonant
776 1502 967 1544 examina
991 1501 1175 1555 quercu.'

58 1563 161 1618 quid
176 1564 382 1607 facerem?
404 1579 541 1618 neque
560 1580 638 1621 ego
651 1564 861 1620 Alcippen
879 1578 956 1606 nec
969 1563 1167 1618 Phyllida
1185 1563 1406 1614 habebam,

60 1626 254 1681 depulsos
279 1643 304 1669 a
326 1628 433 1670 lacte
458 1628 571 1669 domi
596 1642 704 1681 quae
729 1627 940 1669 clauderet
965 1641 1113 1682 agn0s3
1433 1632 1472 1662 15

59 1696 100 1730 et
124 1695 333 1732 certamen
357 1697 445 1731 erat
470 1689 671 1746 Corydon
696 1705 791 1731 cum
816 1689 1025 1744 Thyrside
1048 1704 1261 1745 magnum.

58 1751 282 1805 posthabui
306 1759 445 1794 tamen
468 1753 633 1794 illorum
656 1767 751 1794 mea
775 1752 882 1794 seria
904 1752 1015 1794 ludo.

59 1813 227 1855 alternis
250 1814 378 1870 igitur
401 1816 650 1857 contendere
674 1815 863 1857 versibus
887 1815 1011 1856 ambo

60 1890 245 1932 coepere,
271 1877 450 1919 alternos
473 1893 618 1919 musae
641 1878 879 1919 meminisse
903 1877 1112 1919 volebant.

58 1938 133 1980 hos
159 1938 370 1994 Corydon,
394 1940 486 1982 illos
511 1940 719 1982 referebat
742 1941 785 1981 in
811 1939 954 1981 ordine
979 1939 1167 1994 Thyrsis.
1430 1946 1472 1976 20

117 1999 439 2057 Co.Nymphae,
447 2010 586 2044 noster
600 2002 1013 2052 amor,Libethrides,
1023 2010 1094 2043 aut
1106 2002 1209 2043 mihi
1223 2017 1403 2053 carmen,

59 2064 182 2118 quale
205 2079 297 2107 meo
324 2063 478 2115 Codro,
505 2065 717 2107 concedite
742 2065 948 2120 (proxima
969 2065 1134 2106 Phoebi

59 2127 247 2169 versibus
271 2127 341 2169 ille
364 2127 499 2181 facit);
526 2135 611 2177 aut,
637 2127 671 2169 si
695 2142 778 2168 non
803 2141 1024 2182 possumus
1050 2141 1207 2176 omnes,

59 2189 126 2231 hic
151 2197 299 2245 arguta
323 2205 440 2232 sacra
463 2189 660 2245 pendebit
683 2190 823 2231 fistula
845 2190 959 2244 pinu.

59 2251 138 2293 ΤΗ.
169 2252 378 2302 Pastores‚
402 2252 557 2295 hedera
580 2260 820 2294 nascentem
846 2260 990 2293 ornate
1015 2259 1194 2307 poetam,
1429 2259 1469 2288 25

58 2315 261 2365 Arcades,
284 2315 441 2357 invidia
464 2322 710 2370 rumpantur
733 2322 780 2356 ut
803 2315 873 2356 ilia
898 2315 1036 2357 Codro
1044 2331 1054 2364 3

59 2385 144 2427 aut,
170 2377 204 2419 si
228 2378 335 2419 ultra
358 2378 556 2432 placitum
581 2378 772 2427 laudarit,
797 2377 972 2419 baccare
998 2377 1177 2419 frontem

60 2440 227 2496 cingite,
251 2455 304 2482 ne
326 2440 411 2481 vati
434 2447 581 2482 noceat
606 2440 716 2482 mala
738 2440 883 2495 lingua
906 2440 1060 2481 futuro.

117 2502 194 2545 Co.
227 2502 390 2545 Saetosi
415 2511 540 2558 caput
564 2503 642 2543 hoc
667 2501 755 2557 apri
780 2502 866 2551 tibi,
891 2502 1031 2551 Delia,
1056 2517 1210 2556 parvus

59 2572 100 2608 et
122 2579 286 2606 ramosa
309 2564 454 2606 Micon
478 2565 634 2606 vivacis
659 2578 814 2606 cornua
838 2564 961 2605 cervi.
1428 2570 1470 2601 30

59 2627 94 2669 si
117 2627 328 2683 proprium
354 2627 433 2668 hoc
461 2626 599 2677 fuerit,
624 2626 706 2669 levi
730 2626 781 2669 de
805 2641 1010 2668 marmore
1036 2633 1122 2668 tota

113 2695 243 2730 Ve‘rqilius
263 2697 304 2723 ed.
318 2695 403 2725 Deilo-
1155 2691 1178 2726 2
