1660 2847
96 273 159 304 615

94 584 158 616 620

92 897 155 927 625

91 1209 155 1240 630

90 1523 153 1555 635

89 1837 152 1867 640

91 2148 153 2179 645

92 2460 157 2490 650

186 148 268 191 206
599 157 643 193 Ρ.
664 157 874 195 VERGILI
898 159 1122 197 MARONIS

184 276 311 316 quam
334 277 527 318 poenam,
553 268 625 303 aut
648 276 755 317 quae
780 262 913 304 forma
937 263 1047 305 viros
1071 264 1291 308 fortunave
1315 266 1469 308 mersit.

185 340 332 366 saxum
357 325 504 380 ingens
530 324 702 366 volvunt
727 326 807 374 alii,
834 325 1042 379 radiisque
1067 334 1249 369 rotarum

184 387 357 428 districti
381 387 583 442 pendent3
610 387 726 428 sedet
750 394 1047 441 aeternumque
1073 389 1232 430 sedebit

183 449 327 491 infelix
352 448 558 497 Theseus3
582 448 879 503 Phlegyasque
904 450 1157 491 miserrimus
1183 452 1316 493 omnis

184 512 380 552 admonet
403 517 445 552 et
468 525 621 565 magna
646 517 819 551 testatur
843 523 945 553 Voce
970 527 1043 566 per
1067 513 1255 554 umbras:

183 573 359 615 “discite
384 572 582 614 iustitiam
608 573 752 613 moniti
778 580 818 614 et
840 587 924 614 non
948 580 1131 616 temnere
1156 575 1315 616 divos.’'

182 636 367 678 vendidit
392 635 458 675 hic
484 649 584 675 auro
611 635 786 690 patriam
812 635 1110 689 dominumque
1136 644 1348 691 potentem

181 698 391 753 imposuit,
417 697 506 737 fixit
530 697 645 751 leges
670 697 803 752 pretio
830 704 955 751 atque
980 698 1134 746 refixit3

181 761 249 802 hic
273 760 500 800 thalamum
526 759 677 800 invasit
701 766 822 800 natae
848 760 1080 813 vetitosque
1105 760 1356 815 hymenaeos
1365 778 1375 811 3

181 822 272 864 ausi
296 836 440 863 omnes
464 821 644 862 immane
669 821 787 862 nefas
815 836 998 876 ausoque
1023 823 1154 877 potiti.

180 900 278 933 non,
303 884 405 925 mihi
429 883 463 924 si
486 883 653 937 linguae
679 890 846 925 centum
872 884 954 925 sint
977 899 1132 938 oraque
1159 893 1338 934 centum,

180 948 316 989 ferrea
340 961 432 996 VOX,
459 946 592 987 omnis
618 947 819 987 scelerum
844 947 1141 1001 comprendere
1166 948 1334 998 formas,

181 1010 320 1052 omnia
342 1023 571 1064 poenarum
595 1023 835 1063 percurrere
860 1009 1028 1050 nomina
1052 1009 1235 1063 possim?

237 1074 357 1113 Haec
381 1072 454 1112 ubi
480 1071 590 1112 dicta
614 1071 726 1112 dedit
750 1071 913 1112 Phoebi
937 1072 1142 1126 longaeva
1167 1073 1371 1121 sacerdos,

181 1136 274 1177 ‘sed
299 1136 381 1176 iam
407 1149 498 1189 age,
525 1148 646 1188 carpe
671 1133 781 1174 viam
808 1140 848 1175 et
873 1142 1111 1188 susceptum
1138 1135 1288 1188 perfice
1314 1150 1477 1176 munus.

179 1195 480 1239 adceleremus'
506 1195 580 1236 ait:
609 1193 864 1250 ‘Cyclopum
890 1195 1040 1236 educta
1067 1196 1238 1236 caminis

179 1259 343 1302 moenia
368 1258 579 1313 conspicio
604 1264 729 1311 atque
754 1258 930 1299 adverso
956 1258 1112 1299 fornice
1139 1266 1291 1312 portaS‚

179 1323 282 1364 haec
306 1321 379 1362 ubi
403 1335 478 1361 nos
503 1327 725 1375 praecepta
750 1319 896 1361 iubent
920 1320 1126 1375 deponere
1153 1320 1287 1361 dona?

180 1385 354 1433 dixerat,
380 1390 420 1425 et
443 1383 597 1438 pariter
622 1382 754 1437 gressi
779 1397 853 1437 per
877 1397 1009 1437 opaca
1033 1383 1194 1423 viarum

179 1447 407 1502 corripiunt
431 1445 610 1500 spatium
636 1445 820 1485 medium
845 1445 1087 1498 foribusque
1114 1444 1404 1500 propinquant.

179 1516 358 1564 occupat
383 1509 550 1549 Aeneas
576 1507 735 1548 aditum
761 1522 995 1562 corpusque
1020 1507 1176 1548 recenti

179 1572 338 1629 spargit
362 1585 471 1625 aqua
495 1584 741 1624 ramumque
766 1570 941 1611 adverso
966 1570 1008 1610 in
1032 1570 1172 1611 limine
1197 1570 1299 1624 figit.

234 1635 314 1675 His
340 1634 509 1675 demum
535 1633 703 1682 exactis,
729 1633 914 1687 perfecto
939 1647 1110 1674 munere
1137 1632 1269 1680 divae,

179 1699 384 1740 devenere
409 1697 523 1738 locos
548 1696 679 1736 laetos
704 1703 746 1737 et
770 1709 945 1737 amoena
970 1695 1125 1736 virecta

178 1761 483 1802 fortunatorum
510 1772 727 1799 nemorum
753 1758 954 1811 sedesque
981 1758 1136 1799 beatas.

177 1823 333 1878 largior
357 1822 423 1863 hic
449 1835 618 1875 campos
644 1820 786 1861 aether
811 1827 851 1861 et
875 1820 1030 1861 lumine
1056 1819 1179 1860 vestit

177 1898 400 1942 purpureo,
428 1884 641 1937 solemque
667 1898 802 1931 suum,
828 1897 904 1923 sua
928 1882 1063 1923 sidera
1089 1887 1253 1922 norunt..

178 1963 273 2004 pars
297 1947 339 1987 in
364 1945 588 2001 gramineis
615 1952 809 1986 exercent
834 1945 1021 1986 membra
1045 1944 1275 1998 palaestris,

180 2009 438 2052 contendunt.
461 2008 560 2049 ludo
587 2014 628 2048 et
651 2007 768 2048 fulva
793 2008 1004 2048 luctantur
1029 2006 1203 2055 harena3

178 2088 273 2129 pars
298 2071 475 2127 pedibus
501 2070 707 2125 plaudunt
732 2070 903 2111 choreas
930 2076 970 2110 et
994 2069 1178 2110 carmina
1203 2068 1356 2109 dicunt.

179 2150 258 2177 nec
281 2149 365 2175 non
390 2133 609 2174 Threicius
635 2133 761 2187 longa
785 2147 881 2173 eum
906 2140 1019 2173 veste
1046 2131 1238 2172 sacerdos

180 2197 418 2251 obloquitur
443 2195 626 2236 numeris
652 2202 810 2250 septem
836 2195 1074 2236 discrimina
1099 2209 1249 2234 vocum

180 2261 347 2313 iamque
373 2258 517 2300 eadem
543 2257 696 2312 digitis,
723 2258 803 2298 iam
830 2257 992 2312 pectine
1017 2257 1152 2311 pulsat
1180 2255 1350 2296 eburno.

181 2323 247 2364 hic
271 2336 403 2376 genus
429 2320 646 2372 antiquum
671 2319 838 2368 Teucri,
864 2318 1142 2374 pulcherrima
1167 2318 1316 2372 proleS‚

181 2382 436 2439 magnanimi
461 2382 620 2430 heroes,
646 2382 732 2422 nati
757 2381 996 2422 melioribus
1023 2380 1154 2429 annis,

181 2448 353 2499 Ilusque
378 2445 695 2498 Assaracusque
721 2451 761 2485 et
785 2444 937 2485 Troiae
961 2443 1188 2483 Dardanus
1215 2448 1370 2484 auctor.

182 2525 296 2550 arma
321 2507 463 2562 procul
490 2520 717 2559 currusque
742 2506 876 2547 virum
903 2505 1076 2546 miratur
1099 2505 1246 2545 inanis.

183 2578 292 2613 stant
316 2578 424 2611 terra
449 2569 609 2610 defixae
635 2568 777 2610 hastae
803 2569 1040 2623 passimque
1066 2567 1190 2608 soluti

183 2649 257 2690 per
281 2647 473 2686 campum
500 2638 727 2687 pascuntur
752 2632 859 2685 equi.
908 2645 1013 2684 quae
1040 2630 1172 2685 gratia
1199 2644 1365 2671 currum

1645 2120 1660 2246 ·ν-,-.”.·,(.,
1641 1465 1660 2097 .ῑᾱ-.,ιηι“-ω-Ακηε.ᾐ-.ι..-.Μι--ῌ..
1653 1268 1660 1449 ..ῳ-..ΗΛ
1654 1184 1660 1257 Ast...
1656 1163 1660 1171 .
