1622 2847
195 519 236 549 30

194 829 234 860 35

191 1140 235 1171 40

190 1455 233 1486 45

192 1768 234 1798 50

193 2078 234 2109 55

193 2389 235 2419 60

264 149 318 192 58
680 157 723 192 Ρ.
744 155 953 194 VERGILI
978 157 1201 195 MARONIS

261 264 303 305 in
327 262 486 304 foribus
510 276 697 317 pugnam
722 275 773 302 ex
798 275 898 302 auro
923 261 1136 315 solidoque
1161 263 1381 318 elephanto

263 325 553 380 Gangaridum
578 324 728 364 faciam
752 323 1001 377 victorisque
1026 339 1141 365 arma
1166 324 1346 377 Quirini,

261 395 386 440 atque
411 387 477 427 hic
502 386 728 426 undantem
753 385 863 426 bello
888 400 1170 440 magnumque
1194 388 1390 430 fluentem

260 450 401 490 Nilum
426 463 475 489 ae
498 447 638 488 navali
663 447 870 502 surgentis
896 462 991 488 aere
1017 448 1242 490 columnas.

262 511 414 551 addam
440 510 564 551 urbes
589 508 719 550 Asiae
745 509 920 550 domitas
945 510 1195 565 pulsumque
1220 511 1432 566 Niphaten

260 573 542 625 fidentemque
566 570 669 626 fuga
692 571 897 612 Parthum
921 572 1132 625 versisque
1158 574 1317 628 sagittis

261 642 302 676 et
326 635 407 675 duo
433 640 552 689 rapta
574 648 703 674 manu
728 633 890 674 diverso
915 649 966 674 ex
991 633 1108 675 hoste
1134 642 1302 689 tropaea

261 697 408 750 bisque
433 695 707 750 triumphatas
732 702 910 750 utroque
935 696 987 736 ab
1013 696 1131 738 litore
1156 704 1314 751 gentes.

262 759 432 799 stabunt
455 765 497 800 et
519 758 634 799 Parii
658 758 831 812 lapides,
857 757 1055 812 spirantia
1080 759 1211 813 signa,

265 821 458 862 Assaraci
483 820 619 875 proles
645 820 930 873 demissaeque
955 820 1008 860 ab
1033 820 1134 862 Iove
1159 822 1293 875 gentis

261 883 432 924 nomina
455 883 647 936 Trosque
672 897 822 937 parens
848 889 889 923 et
912 882 1062 924 Troiae
1089 881 1296 937 Cynthius
1322 890 1475 926 auctor.

259 945 424 986 Invidia
447 945 593 986 infelix
617 945 747 985 furias
773 958 1021 998 amnemque
1046 959 1237 986 severum

262 1006 411 1062 Cocyti
435 1013 594 1049 metuet
617 1013 829 1060 tortosque
854 1005 1013 1047 Ixionis
1038 1007 1187 1062 anguis

259 1070 567 1123 immanemque
592 1076 725 1110 rotam
751 1076 792 1111 et
815 1084 899 1109 non
922 1069 1189 1124 exuperabile
1216 1085 1375 1112 saxum.

259 1132 417 1174 interea
442 1132 647 1187 dryadum
673 1131 798 1173 silvas
824 1131 1035 1185 saltusque
1061 1146 1283 1185 sequamur

257 1194 447 1243 intactos,
473 1201 557 1243 tua,
582 1194 823 1242 Maecenas,
849 1193 961 1234 haud
986 1193 1125 1234 mollia
1149 1194 1273 1235 iussa.

259 1264 298 1298 te
323 1256 410 1297 sine
435 1256 492 1297 nil
517 1257 646 1297 altum
671 1271 789 1297 mens
813 1255 998 1297 incohat:
1025 1271 1077 1297 en
1102 1271 1193 1312 age,
1219 1257 1359 1312 segnis

258 1334 404 1373 rumpe
429 1333 585 1368 moras3
611 1324 733 1359 vocat
756 1317 916 1372 ingenti
941 1318 1120 1359 clamore
1146 1316 1371 1360 Cithaeron

258 1381 522 1436 Taygetique
547 1395 671 1422 canes
696 1380 974 1433 domitrixque
1000 1379 1239 1435 Epidaurus
1265 1396 1466 1435 equorum

259 1450 301 1485 et
324 1458 405 1484 vox
430 1444 608 1484 adsensu
634 1457 850 1484 nemorum
874 1443 1128 1497 ingeminata
1151 1444 1342 1499 remugit.

258 1521 356 1546 mox
381 1513 519 1547 tamen
544 1505 725 1546 ardentis
751 1506 944 1559 accingar
969 1505 1105 1546 dicere
1129 1520 1293 1560 pugnas

260 1567 451 1610 Caesaris
477 1575 518 1609 et
541 1583 693 1609 nomen
718 1567 830 1608 fama
855 1574 916 1607 tot
939 1567 1047 1609 ferre
1071 1582 1146 1622 per
1170 1583 1313 1617 annos,

258 1630 431 1671 Tithoni
455 1631 588 1685 prima
612 1636 713 1684 quot
738 1630 856 1671 abest
879 1630 932 1670 ab
957 1629 1117 1685 origine
1143 1628 1312 1671 Caesar.

316 1692 403 1734 Seu
428 1693 520 1746 quis
546 1691 822 1748 Olympiacae
847 1692 1018 1733 miratus
1043 1693 1228 1747 praemia
1251 1693 1414 1747 palmae

258 1755 392 1810 pascit
416 1770 543 1809 equos
570 1770 643 1796 seu
668 1754 760 1809 quis
785 1754 903 1795 fortis
929 1754 982 1795 ad
1007 1762 1142 1795 aratra
1166 1755 1375 1804 iuvencos,

259 1831 432 1872 corpora
455 1817 677 1872 praecipue
702 1823 881 1857 matrum
905 1816 1030 1870 legat.
1080 1816 1235 1870 optima
1260 1824 1401 1858 torvae

258 1880 391 1920 forma
417 1879 549 1928 bovis,
575 1879 641 1920 cui
667 1886 786 1933 turpe
812 1885 949 1933 caput,
977 1878 1044 1919 eui
1068 1879 1247 1933 plurima
1273 1879 1424 1929 cervix,

259 1949 300 1983 et
324 1957 493 1983 crurum
516 1948 637 1982 tenus
664 1957 688 1982 a
711 1948 850 1982 mento
874 1941 1056 1995 palearia
1081 1942 1280 1996 pendent3

259 2011 347 2045 tum
371 2005 496 2059 longo
522 2004 660 2045 nullus
685 2003 802 2044 lateri
826 2003 974 2044 modus
983 2020 993 2052 3
1025 2003 1164 2044 omnia
1187 2019 1352 2059 magna,

261 2082 333 2122 pes
359 2067 502 2115 etiam3
530 2073 570 2107 et
595 2066 774 2107 camuris
799 2065 930 2106 hirtae
956 2066 1033 2106 sub
1059 2065 1251 2106 cornibus
1277 2082 1409 2107 aures.

258 2144 335 2170 nec
359 2129 461 2169 mihi
488 2128 703 2184 displiceat
727 2128 900 2169 maculis
925 2127 1097 2183 insignis
1123 2134 1164 2169 et
1189 2128 1297 2177 albo,

260 2198 332 2232 aut
355 2191 454 2246 iuga
480 2191 713 2232 detractans
738 2190 1030 2244 interdumque
1055 2205 1201 2245 aspera
1226 2205 1355 2231 cornu

259 2261 301 2296 et
324 2254 473 2295 faciem
499 2261 616 2294 tauro
642 2253 823 2308 propior,
849 2267 1040 2306 quaeque
1065 2253 1194 2293 ardua
1218 2259 1304 2294 tota

261 2323 301 2357 et
325 2316 518 2371 gradiens
543 2316 626 2356 ima
651 2315 777 2357 verrit
801 2315 977 2369 vestigia
1002 2315 1146 2356 cauda.

261 2385 374 2420 aetas
399 2379 608 2419 Lucinam
633 2379 846 2431 iustosque
871 2378 957 2432 pati
981 2377 1234 2432 hymenaeos

261 2441 412 2482 desinit
435 2448 531 2482 ante
557 2441 715 2489 decem,
741 2447 836 2495 post
860 2447 1055 2494 quattuor
1078 2440 1224 2495 incipit
1249 2455 1398 2490 annos;

260 2511 397 2545 cetera
421 2518 497 2545 nec
522 2503 682 2545 feturae
707 2502 857 2543 habilis
882 2517 959 2544 nec
983 2502 1099 2543 fortis
1125 2503 1284 2543 aratris.

260 2566 429 2615 interea,
456 2572 623 2620 superat
646 2564 845 2621 gregibus
871 2564 970 2605 dum
994 2565 1102 2606 laeta
1125 2565 1329 2613 iuventas,

261 2629 375 2671 solve
400 2643 548 2679 mares,
573 2628 689 2670 mitte
713 2627 756 2669 in
780 2627 990 2671 Venerem
1014 2627 1210 2682 pecuaria
1233 2627 1391 2682 primus
