1622 2847
106 1426 146 1456 10

107 1739 147 1768 15

108 2050 150 2081 20

111 2362 152 2392 25

163 122 243 163 130
574 128 616 162 P.
635 124 844 163 VERGILI
867 121 1090 158 MARONIS

589 498 1083 553 AENEIDOS

690 703 880 742 LIBER
909 701 984 740 ΙΙΙ.

226 852 457 904 Postquam
481 864 547 891 res
572 849 701 890 Asiae
726 847 966 900 Priamique
992 853 1175 889 evertere
1201 853 1367 901 gentem

169 914 415 956 immeritam
440 912 576 953 visum
602 911 761 966 superis
787 909 1018 963 ceciditque
1043 909 1269 963 superbum

168 978 293 1018 Ilium
318 983 358 1017 et
382 974 514 1015 omnis
539 974 666 1014 humo
691 973 824 1014 fumat
848 971 1060 1026 Neptunia
1085 971 1224 1020 Troia,

170 1040 335 1081 diversa
359 1038 482 1079 exilia
506 1044 546 1078 et
571 1036 755 1077 desertas
782 1049 981 1088 quaerere
1006 1041 1135 1075 terras

169 1101 355 1157 auguriis
379 1100 543 1155 agimur
567 1098 708 1139 divum
735 1098 992 1151 classemque
1018 1096 1096 1138 sub
1121 1096 1212 1151 ipsa

169 1163 389 1206 Antandro
416 1168 456 1203 et
479 1160 692 1215 Phrygiae
719 1160 914 1200 molimur
937 1158 1147 1199 montibus
1172 1157 1286 1206 Idae,

170 1226 328 1274 incerti,
355 1239 437 1278 quo
462 1224 550 1265 fata
573 1224 723 1270 ferant,
748 1222 821 1263 ubi
846 1222 990 1263 sistere
1014 1221 1146 1269 detur,

170 1287 536 1340 contrahimusque
560 1285 683 1326 viros.
732 1284 802 1325 vix
827 1284 961 1339 prima
984 1283 1197 1337 inceperat
1221 1287 1371 1331 aestas,

172 1357 212 1393 et
236 1357 355 1406 pater
379 1348 587 1390 Anchises
613 1347 712 1388 dare
736 1346 832 1388 fatis
857 1346 951 1387 vela
975 1345 1163 1386 iubebat:

170 1414 291 1455 litora
316 1427 411 1453 cum
436 1410 593 1466 patriae
617 1409 839 1451 lacrimans
864 1415 1091 1463 portusque
1116 1406 1305 1459 relinquo

170 1483 212 1518 et
235 1489 417 1529 campos,
443 1473 515 1513 ubi
539 1472 667 1513 Troia
691 1471 782 1512 fuit.
830 1471 941 1512 feror
966 1470 1062 1512 exul
1087 1469 1128 1510 in
1154 1470 1283 1510 altum

172 1553 266 1580 cum
291 1536 411 1577 sociis
436 1542 630 1588 natoque,
656 1533 876 1589 penatibus
901 1540 943 1574 et
968 1532 1131 1587 magnis
1157 1531 1233 1572 dis.

227 1601 358 1640 Terra
382 1598 526 1653 procul
551 1597 678 1638 vastis
704 1596 851 1637 colitur
874 1595 1086 1636 Mavortia
1111 1593 1267 1649 campis

173 1663 374 1716 (Thraces
400 1663 547 1713 arant),
574 1659 658 1700 acri
683 1659 895 1713 quondam
921 1664 1094 1712 regnata
1119 1656 1333 1711 Lycurgo,

171 1724 395 1780 hospitium
421 1722 637 1775 antiquum
661 1721 813 1762 Troiae
838 1720 1021 1774 sociique
1045 1727 1229 1774 penates,

173 1789 272 1829 dum
298 1787 464 1827 fortuna
488 1785 580 1825 fuit.
628 1783 739 1825 feror
763 1783 845 1824 huc
870 1790 911 1824 et
934 1783 1052 1823 litore
1078 1795 1205 1822 curvo

172 1849 336 1891 moenia
359 1847 494 1904 prima
516 1847 620 1895 loco,
645 1845 741 1887 fatis
766 1845 978 1901 ingressus
1002 1843 1169 1897 iniquis,

172 1910 481 1962 Aeneadasque
506 1923 598 1950 meo
623 1922 775 1950 nomen
801 1909 852 1949 de
877 1906 1043 1948 nomine
1069 1906 1193 1961 fingo.

231 1973 362 2016 Sacra
387 1972 603 2012 Dionaeae
627 1970 749 2012 matri
774 1970 963 2023 divisque
988 1969 1175 2010 ferebam

175 2035 415 2091 auspicibus
440 2041 682 2088 coeptorum
708 2048 882 2088 operum
907 2046 1140 2087 superoque
1165 2030 1364 2072 nitentem

174 2098 417 2141 caelicolum
441 2098 529 2151 regi
553 2096 789 2137 mactabam
813 2095 855 2136 in
879 2096 996 2136 litore
1022 2102 1199 2135 taurum.

174 2163 280 2203 forte
305 2160 384 2201 suit
406 2160 522 2200 iuxta
546 2160 744 2205 tumulus,
771 2172 853 2212 quo
879 2172 1028 2198 cornea
1052 2170 1214 2198 summo

176 2223 358 2278 virgulta
382 2230 422 2263 et
447 2221 585 2263 densis
610 2220 829 2262 hastilibus
855 2219 1021 2261 horrida
1043 2226 1224 2273 myrtus:

178 2285 345 2334 accessi,
371 2284 629 2337 viridemque
655 2284 708 2324 ab
734 2283 859 2324 humo
885 2282 1114 2324 convellere
1140 2281 1287 2322 silvam

179 2355 365 2396 conatus,
389 2347 515 2388 ramis
540 2353 724 2401 tegerem
749 2353 794 2386 ut
818 2345 1105 2386 frondentibus
1131 2359 1236 2393 aras,

177 2410 429 2453 horrendum
455 2416 497 2451 et
521 2409 632 2450 dictu
657 2408 778 2450 video
803 2408 991 2449 mirabile
1015 2414 1257 2448 monstrum.

178 2489 276 2516 nam
301 2487 408 2526 quae
432 2472 567 2527 prima
591 2472 677 2512 solo
703 2471 834 2526 ruptis
859 2469 1067 2511 radicibus
1093 2469 1215 2509 arbos

180 2535 358 2583 vellitur,
384 2534 480 2575 huic
505 2541 592 2575 atro
618 2533 832 2587 liquuntur
856 2532 1058 2587 sanguine
1083 2538 1226 2585 guttae

182 2605 223 2640 et
247 2605 397 2639 terram
421 2597 518 2638 tabo
543 2597 765 2638 maculant.
813 2595 913 2636 mihi
938 2594 1114 2650 frigidus
1141 2593 1284 2634 horror
