1628 2847
109 287 172 318 365

108 599 172 631 370

108 913 171 944 375

109 1227 173 1258 380

109 1540 173 1572 385

113 1854 177 1885 390

115 2166 177 2197 395

199 100 280 143 308
610 108 654 143 P.
675 107 886 145 VERGILI
910 108 1134 145 MARONIS

199 213 356 268 primus
381 228 473 268 ego,
498 213 678 254 invisum
703 226 827 267 quem
852 218 898 253 tu
923 212 998 254 tibi
1022 213 1145 269 fingis
1169 216 1228 267 (et
1252 229 1342 257 esse

198 276 255 316 nil
279 278 446 327 moror),
472 291 524 317 en
549 275 725 330 supplex
749 274 882 317 venio.
931 275 1124 317 miserere
1149 284 1329 327 tuorum,

196 353 304 394 pone
329 339 487 380 animos
513 344 553 379 et
576 338 720 393 pulsus
747 338 827 378 abi.
877 344 940 378 sat
965 337 1113 379 funera
1137 338 1220 380 fusi

198 401 389 450 vidimus,
415 401 595 456 ingentis
620 407 660 442 et
685 400 962 442 desolavimus
988 415 1122 455 agros,

197 471 269 505 aut
293 464 327 505 si
352 464 464 505 fama
488 470 639 513 movet,
665 463 699 504 si
724 469 886 504 tantum
911 470 1076 517 pectore
1101 464 1228 505 robur

198 527 380 582 concipis
408 534 447 568 et
472 527 506 568 si
531 527 633 567 adeo
660 526 808 567 dotalis
834 525 950 580 regia
975 526 1087 566 cordi
1113 532 1186 575 est,

197 590 304 631 aude
329 597 453 643 atque
479 589 700 631 adversum
726 589 857 630 fidens
882 588 944 629 fer
969 594 1114 643 pectus
1139 588 1182 629 in
1207 587 1381 629 hostem.

197 653 352 694 scilicet
377 659 423 693 ut
446 653 590 693 Turno
617 651 829 706 contingat
854 651 970 705 regia
995 650 1188 700 coniunx,

197 730 286 764 nos,
311 715 474 756 animae
500 715 615 764 viles,
640 713 857 755 inhumata
880 713 1104 767 infletaque
1129 713 1265 762 turba,

197 785 431 819 sternamur
456 777 625 832 eampis.
676 776 801 818 etiam
827 783 884 824 tu,
912 775 1031 829 siqua
1056 775 1131 815 tibi
1155 775 1231 824 vis,

197 840 231 881 si
255 840 377 895 patrii
402 839 502 893 quid
525 838 678 880 Martis
702 838 844 887 habes,
870 837 986 878 illum
1011 837 1150 892 aspice
1176 842 1332 885 contra,

198 903 268 957 qui
294 902 440 944 vocat?

253 966 427 1006 Talibus
454 964 606 1006 exarsit
631 963 750 1005 dictis
775 962 971 1005 violentia
995 962 1146 1011 Turni3

199 1029 269 1069 dat
293 1028 494 1083 gemitum
519 1027 758 1082 rumpitque
783 1026 857 1067 has
883 1026 966 1066 imo
991 1032 1158 1080 pectore
1183 1038 1325 1066 voces:

199 1091 336 1146 ‘larga
360 1091 541 1144 quidem,
567 1089 750 1138 Drance,
777 1103 941 1143 semper
964 1087 1040 1129 tibi
1065 1087 1184 1142 copia
1208 1086 1324 1128 fandi

199 1161 300 1202 tum,
327 1167 421 1193 cum
448 1153 557 1194 bella
582 1167 729 1192 manus
755 1157 945 1206 poscunt,
970 1150 1242 1205 patribusque
1267 1148 1423 1190 vocatis

198 1215 356 1271 primus
383 1215 495 1256 ades.
545 1214 618 1255 sed
642 1228 726 1255 non
750 1213 948 1268 replenda
973 1219 1035 1254 est
1062 1212 1176 1253 curia
1200 1211 1351 1259 verbis,

201 1293 309 1332 quae
333 1284 422 1318 tuto
448 1276 522 1317 tibi
547 1292 701 1331 magna
726 1276 879 1325 volant,
906 1275 1004 1316 dum
1031 1274 1197 1316 distinet
1220 1273 1380 1316 hostem

199 1355 330 1395 agger
354 1354 588 1381 moerorum
614 1353 690 1381 nec
715 1338 920 1380 inundant
945 1337 1147 1392 sanguine
1172 1336 1321 1378 fossae.

198 1403 371 1459 proinde
396 1409 494 1443 tona
519 1401 682 1456 eloquio
708 1401 893 1453 (solitum
918 1399 1008 1451 tibi)
1035 1413 1184 1453 meque
1210 1399 1367 1440 timoris

200 1481 328 1521 argue
354 1472 412 1514 tu,
438 1464 620 1513 Drance,
647 1464 815 1518 quando
840 1469 901 1504 tot
925 1462 1074 1517 stragis
1099 1476 1269 1504 acervos

200 1529 458 1569 Teucrorum
485 1534 557 1569 tua
582 1527 729 1568 dextra
754 1525 868 1567 dedit
891 1526 1130 1580 passimque
1156 1523 1336 1580 tropaeis

199 1590 374 1645 insignis
399 1605 535 1645 agros.
584 1590 716 1644 possit
740 1588 842 1643 quid
866 1587 1005 1629 vivida
1030 1587 1173 1635 virtus,

201 1653 414 1708 experiare
440 1652 555 1693 licet:
581 1666 659 1693 nec
684 1652 807 1706 longe
833 1650 990 1692 scilicet
1012 1649 1150 1690 hostes

200 1715 427 1770 quaerendi
451 1715 589 1764 nobis;
616 1715 884 1755 circumstant
907 1712 1092 1766 undique
1116 1726 1269 1752 muros.

201 1779 308 1820 imus
334 1778 377 1818 in
402 1778 622 1818 adversos?
647 1776 748 1830 quid
773 1775 935 1817 cessas?
960 1790 1013 1815 an
1037 1774 1111 1815 tibi
1135 1774 1309 1815 Mavors

202 1848 374 1883 ventosa
398 1840 440 1880 in
464 1840 608 1894 lingua
633 1838 893 1893 pedibusque
919 1837 1139 1892 fugacibus
1164 1836 1252 1877 istis
1442 1865 1457 1881 .

203 1918 366 1958 semper
391 1902 491 1944 erit?

202 1967 347 2022 pulsus
372 1965 475 2019 ego?
500 1970 572 2005 aut
596 1963 818 2018 quisquam
843 1961 1002 2009 merito,
1028 1960 1281 2009 foedissime,
1309 1960 1475 2015 pulsum

203 2035 363 2084 arguet,
390 2027 518 2068 Iliaco
544 2026 750 2068 tumidum
775 2025 846 2079 qui
872 2039 1056 2066 crescere
1082 2023 1287 2077 Thybrim

204 2091 406 2146 sanguine
433 2097 470 2131 ct
498 2089 686 2130 Euandri
711 2094 841 2129 totam
867 2102 962 2128 cum
987 2086 1113 2141 stirpe
1138 2085 1296 2127 videbit

202 2153 475 2210 procubuisse
500 2152 670 2192 domum
695 2157 819 2204 atque
845 2156 990 2191 exutos
1015 2148 1205 2189 Arcadas
1230 2147 1379 2189 armis?

204 2216 317 2258 haud
342 2216 398 2256 ita
423 2230 488 2256 me
514 2213 673 2269 experti
697 2213 830 2254 Bitias
856 2219 897 2254 et
920 2211 1139 2253 Pandarus
1164 2210 1311 2266 ingens

205 2286 246 2321 et
270 2293 374 2332 quos
399 2277 510 2318 mille
537 2277 603 2318 die
628 2276 759 2318 victor
783 2275 861 2316 sub
887 2274 1063 2315 Tartara
1088 2272 1193 2323 misi,

204 2342 389 2383 inclusus
416 2339 546 2380 muris
572 2339 793 2393 hostilique
820 2352 974 2393 aggere
1001 2343 1181 2391 saeptus.

205 2404 353 2445 “nulla
378 2403 489 2444 salus
515 2401 661 2443 bello.''
712 2400 837 2456 capiti
863 2414 965 2441 cane
990 2399 1101 2448 talia,
1129 2399 1311 2447 demens,

116 2479 181 2510 400
205 2465 421 2507 Dardanio
446 2465 656 2518 rebusque
680 2463 774 2504 tuis.
824 2461 997 2517 proinde
1023 2461 1162 2501 omnia
1186 2475 1339 2515 magno

206 2544 258 2570 ne
283 2543 400 2570 cessa
423 2527 592 2568 turbare
616 2533 731 2567 metu
757 2531 883 2578 atque
909 2523 1106 2566 extollere
1132 2523 1239 2564 vires

208 2590 342 2647 gentis
367 2589 430 2630 bis
457 2589 601 2639 vietae,
629 2594 772 2630 contra
796 2601 984 2644 premere
1009 2601 1124 2627 arma
1148 2584 1304 2627 Latini.
