1628 2847
109 383 173 414 535

107 696 172 726 540

107 1008 171 1039 545

109 1321 174 1352 550

109 1634 173 1666 555

112 1948 177 1979 560

114 2259 178 2291 565

200 133 282 176 336
610 142 654 178 Ρ.
674 141 886 179 VERGILI
909 142 1089 179 MARON
1090 143 1135 178 IS

205 247 448 302 provolvere
473 254 600 296 rotae,
627 246 772 288 crebro
797 261 922 302 super
945 247 1105 302 ungula
1128 247 1251 302 pulsu

201 309 327 351 incita
351 325 428 351 nec
453 309 608 350 domini
633 323 863 350 memorum
889 309 1103 364 proculcat
1127 323 1342 363 equorum.

197 372 265 414 ille
290 372 425 414 ruenti
451 372 580 426 Hyllo
606 371 838 425 animisque
862 371 1043 412 immane
1068 371 1260 413 frementi

199 435 378 476 occurrit
402 434 614 488 telumque
640 441 786 475 aurata
810 433 863 474 ad
888 440 1076 488 tempora
1101 440 1283 488 torquet:

197 497 267 538 olli
292 512 366 552 per
389 497 554 552 galeam
577 496 662 537 fixo
688 497 800 538 stetit
824 496 944 537 hasta
968 496 1150 537 cerebro.

198 560 369 602 dextera
393 574 470 601 nec
495 566 566 600 tua
591 565 645 608 te,
672 558 848 601 Graium
874 558 1097 599 fortissime
1123 557 1321 607 Cretheu,

198 622 348 677 eripuit
372 622 530 671 Turno,
556 636 633 662 nec
658 621 699 662 di
724 629 862 662 texere
889 620 1151 676 Cupencum,

203 685 351 726 Aenea
375 682 579 732 veniente,
607 682 671 724 sui
679 699 690 732 ;
717 682 833 723 dedit
857 682 980 724 obvia
1005 682 1113 723 ferro

196 754 365 802 pectora
387 760 466 787 nec
490 745 641 787 misero
667 745 788 799 clipei
813 758 929 785 mora
953 744 1111 799 profuit
1135 745 1255 786 aerei.

197 817 237 851 te
263 822 431 863 quoque
456 808 692 849 Laurentes
718 807 926 856 viderunt,
953 807 1100 856 Aeole,
1127 806 1263 861 campi

197 878 393 926 oppetere
419 878 460 911 et
483 870 565 912 late
590 876 744 912 terram
769 876 1033 910 consternere
1059 876 1194 923 tergo:

198 933 366 982 occidis,
392 932 579 987 Argivae
604 946 728 986 quem
754 946 838 973 non
863 938 1035 986 potuere
1060 930 1291 985 phalanges

197 1004 379 1038 sternere
403 1009 481 1037 nec
504 994 664 1036 Priami
688 1009 913 1049 regnorum
939 1007 1105 1035 eversor
1128 993 1336 1040 Achilles3

197 1059 264 1100 hic
289 1058 363 1098 tibi
388 1057 532 1098 mortis
558 1063 675 1098 erant
699 1063 849 1105 metae,
875 1056 1022 1097 domus
1048 1055 1131 1096 alta
1156 1055 1234 1096 sub
1260 1055 1349 1104 Ida,

196 1120 378 1176 Lyrnesi
402 1120 551 1160 domus
576 1119 672 1168 alta,
699 1119 786 1160 solo
810 1118 1023 1160 Laurente
1049 1117 1330 1172 sepulchrum.

200 1190 311 1225 totae
336 1182 442 1223 adeo
468 1196 694 1223 conversae
719 1180 829 1222 acies
855 1194 1083 1234 omnesque
1107 1179 1264 1228 Latini,

198 1260 342 1287 omnes
367 1243 651 1292 Dardanidae,
676 1242 926 1284 Mnestheus
951 1256 1128 1296 acerque
1155 1241 1349 1283 Serestus

199 1316 241 1350 et
263 1308 489 1361 Messapus
513 1320 670 1360 equum
694 1305 873 1347 domitor
898 1313 939 1346 et
963 1304 1081 1346 fortis
1109 1303 1247 1345 Asilas

199 1371 520 1423 Tuscorumque
544 1368 729 1424 phalanx
754 1367 1028 1421 Euandrique
1053 1366 1242 1408 Arcades
1268 1366 1372 1416 alae,

199 1448 274 1489 pro
300 1448 343 1474 se
368 1432 547 1486 quisque
571 1431 649 1472 viri
674 1446 838 1472 summa
861 1430 1050 1472 nituntur
1075 1444 1202 1484 opum
1226 1428 1286 1478 vi3

201 1511 279 1538 nec
304 1510 420 1536 mora
443 1509 521 1536 nec
545 1493 723 1547 requies,
749 1499 867 1535 vasto
894 1492 1119 1535 certamine
1144 1491 1331 1533 tendunt.

255 1558 338 1600 Hic
363 1564 545 1599 mentem
571 1557 743 1598 Aeneae
768 1555 958 1611 genetrix
983 1554 1265 1610 pulcherrima
1288 1552 1413 1604 misit,

198 1622 277 1664 iret
300 1628 348 1662 ut
371 1620 425 1661 ad
449 1633 590 1661 muros
614 1619 792 1673 urbique
817 1618 1052 1659 adverteret
1077 1632 1227 1672 agmen

200 1685 316 1726 ocius
341 1690 382 1725 et
406 1682 543 1723 subita
567 1681 754 1723 turbaret
777 1680 895 1723 clade
920 1680 1109 1721 Latinos.

200 1748 268 1788 ille
292 1752 338 1787 ut
363 1745 574 1800 vestigans
601 1744 765 1785 diversa
788 1758 862 1798 per
887 1743 1055 1797 agmina
1079 1742 1271 1783 Turnum

200 1811 283 1851 huc
307 1815 432 1863 atque
457 1807 538 1849 huc
564 1807 672 1848 acies
698 1806 962 1854 circumtulit,
987 1804 1135 1860 aspicit
1159 1805 1306 1846 urbem

200 1872 428 1913 immunem
453 1869 554 1910 tanti
581 1869 675 1910 belli
702 1876 825 1922 atque
850 1868 1020 1923 impune
1045 1866 1242 1921 quietam.

202 1934 398 1976 continuo
424 1946 591 1988 pugnae
617 1931 808 1973 accendit
830 1930 998 1972 maioris
1023 1929 1181 1984 imago3

202 1995 428 2038 Mnesthea
454 1993 783 2049 Sergestumque
807 2000 931 2035 vocat
953 1992 1188 2046 fortemque
1214 1990 1430 2032 Serestum

204 2060 397 2101 ductores
423 2057 714 2110 tumulumque
741 2055 864 2111 capit,
890 2069 973 2110 quo
999 2061 1136 2096 cetera
1160 2054 1373 2095 Teucrum

203 2120 411 2164 concurrit
433 2119 558 2174 legio,
582 2133 659 2160 nec
685 2125 803 2159 scuta
827 2124 897 2159 aut
923 2117 1083 2173 spicula
1107 2116 1224 2158 densi

204 2184 432 2239 deponunt.
481 2183 591 2223 celso
615 2181 777 2223 medius
802 2187 915 2222 stans
941 2194 1096 2235 aggere
1120 2178 1250 2220 fatur:

205 2252 363 2300 ‘nequa
386 2244 490 2287 meis
516 2251 603 2286 esto
629 2243 749 2285 dictis
773 2258 907 2292 mora3
933 2241 1122 2297 Iuppiter
1147 2241 1225 2282 hac
1250 2246 1349 2290 stat,

203 2324 287 2351 neu
312 2308 404 2362 quis
430 2307 483 2348 ob
508 2307 719 2361 inceptum
746 2305 931 2347 subitum
954 2304 1056 2345 mihi
1081 2303 1246 2358 segnior
1270 2303 1340 2344 ito.

204 2372 351 2413 urbem
377 2369 513 2419 hodie,
539 2384 708 2411 causam
733 2368 844 2417 belli,
870 2382 1000 2422 regna
1024 2366 1114 2421 ipsa
1139 2365 1295 2415 Latini,

206 2434 249 2475 ni
274 2434 440 2474 frenum
465 2431 653 2486 accipere
678 2437 719 2472 et
744 2430 841 2471 victi
866 2443 1012 2485 parcre
1036 2429 1233 2477 fatentur,

207 2511 351 2538 cruam
377 2502 416 2536 et
441 2509 575 2548 aequa
599 2493 687 2536 solo
712 2492 917 2534 fumantia
942 2491 1122 2533 culmina
1146 2505 1309 2545 ponam.

117 2571 182 2603 570
208 2559 365 2601 scilicet
390 2564 619 2612 expectem,
644 2556 773 2598 libeat
797 2556 897 2597 dum
922 2553 1078 2610 proelia
1102 2553 1246 2594 Turno

207 2628 348 2664 nostra
372 2619 458 2675 pati
483 2633 709 2673 rursusque
734 2618 835 2661 velit
860 2631 1103 2660 concurrere
1127 2615 1286 2658 victus?
