1660 2847
553 152 806 189 AENEIDOS
829 152 925 187 LIB.
952 153 1017 189 IV.

113 257 335 300 velleribus
359 257 490 300 niveis
515 264 557 299 et
579 257 685 299 festa
710 257 856 298 fronde
880 257 1130 299 revinctum:

113 319 210 361 hinc
235 320 420 362 exaudiri
445 334 567 361 voces
593 327 632 360 et
657 320 785 360 verba
809 319 994 361 vocantis

113 381 202 423 visa
225 382 315 431 viri,
339 396 422 423 nox
447 397 542 423 cum
566 388 695 422 terras
719 381 897 423 obscura
921 388 1097 432 teneret3

113 444 283 497 solaque
307 444 557 485 culminibus
582 443 701 484 ferali
726 444 908 485 carmine
933 444 1046 485 bubo

113 519 236 560 saepe
261 506 378 559 queri
401 513 441 547 et
463 506 610 560 longas
635 505 678 546 in
701 505 845 546 fletum
870 505 1021 547 ducere
1047 520 1192 555 voces3

111 567 324 620 multaque
348 574 561 623 praeterea
585 574 727 608 vatum
752 567 964 622 praedicta
988 568 1151 622 piorum

112 629 281 669 terribili
305 629 465 670 monitu
490 629 739 670 horrificant.
790 629 875 683 agit
899 629 988 684 ipse
1013 629 1221 671 furentem

110 689 153 731 in
177 691 330 732 somnis
355 691 468 733 ferus
492 692 680 740 Aeneas3
707 705 952 746 semperque
976 692 1153 745 relinqui

111 753 199 793 sola
223 753 314 802 sibi,
340 768 503 808 semper
527 754 697 807 longam
720 753 961 794 incomitata
985 754 1149 795 videtur

109 813 169 855 ire
193 815 303 856 viam
328 823 368 857 et
393 816 543 870 Tyrios
569 816 731 856 deserta
755 830 957 869 quaerere
981 823 1107 858 terra:

110 877 376 918 eumenidum
401 878 529 919 veluti
554 878 723 919 demens
748 878 861 919 videt
886 878 1054 933 agmina
1077 877 1304 926 Pentheus,

111 946 152 979 et
175 940 302 981 solem
328 940 542 996 geminum
565 948 606 982 et
630 940 806 994 duplicis
831 955 874 982 se
900 941 1117 982 ostendere
1142 940 1331 988 Thebas3

110 1007 183 1040 aut
205 1002 566 1057 Agamemnonius
592 1002 752 1044 scaenis
778 1002 959 1056 agitatus
985 1001 1158 1044 Orestes

110 1071 311 1105 armatam
336 1064 497 1105 facibus
522 1071 697 1105 matrem
723 1071 764 1105 et
787 1064 1048 1119 serpentibus
1074 1064 1172 1106 atris

110 1139 205 1166 cum
229 1126 337 1181 fugit
361 1126 610 1180 ultricesque
636 1126 781 1168 sedent
805 1126 848 1166 in
871 1126 1013 1168 limine
1037 1126 1182 1169 Dirae.

164 1187 280 1243 Ergo
305 1188 377 1230 ubi
402 1189 591 1244 concepit
613 1188 742 1229 furias
768 1188 903 1230 evicta
928 1189 1068 1230 dolore

109 1250 372 1305 decrevitque
396 1251 513 1301 mori,
538 1259 700 1306 tempus
726 1265 868 1292 secum
893 1251 985 1306 ipsa
1009 1251 1263 1305 modumque

108 1312 239 1367 exigit
261 1320 303 1354 et
325 1320 526 1355 maestam
551 1313 670 1355 dictis
695 1313 894 1368 adgressa
919 1327 1103 1355 sororem

109 1375 325 1416 consilium
348 1376 467 1417 vultu
490 1376 593 1431 tegit
617 1390 665 1417 ac
690 1390 806 1430 spem
831 1375 966 1417 fronte
993 1383 1175 1418 serenat:

109 1436 279 1487 ‘inveni‚
305 1453 518 1493 germana,
543 1437 654 1478 viam
680 1439 861 1492 (gratare
888 1438 1047 1491 sorori),

106 1513 214 1552 quae
238 1499 339 1540 mihi
363 1500 511 1542 reddat
534 1515 629 1541 eum
653 1500 719 1541 vel
745 1514 793 1541 eo
819 1515 885 1541 me
910 1500 1045 1541 solvat
1069 1506 1290 1542 amantem.

108 1559 270 1603 Oceani
294 1562 417 1603 finem
441 1563 557 1604 iuxta
581 1562 793 1615 solemque
819 1562 1035 1604 cadentem

106 1624 275 1666 ultimus
300 1624 557 1679 Aethiopum
582 1625 697 1665 locus
722 1631 796 1673 est,
822 1624 894 1665 ubi
919 1624 1125 1665 maximus
1151 1624 1272 1666 Atlas

107 1701 228 1727 axem
250 1700 394 1728 umero
419 1693 583 1740 torquet
607 1685 734 1727 stellis
759 1685 1000 1727 ardentibus
1026 1694 1188 1742 aptum:

106 1747 202 1789 hinc
225 1748 326 1789 mihi
349 1749 562 1803 Massylae
585 1748 722 1804 gentis
746 1755 973 1789 monstrata
997 1749 1203 1798 sacerdos,

107 1810 388 1866 Hesperidum
414 1811 556 1865 templi
582 1818 733 1860 custos,
760 1811 988 1865 epulasque
1013 1810 1182 1852 draconi

107 1886 214 1926 quae
239 1872 367 1914 dabat
389 1879 430 1914 et
454 1887 592 1914 sacros
617 1873 809 1914 servabat
832 1872 874 1913 in
899 1872 1046 1914 arbore
1069 1886 1206 1913 ramos

109 1932 327 1990 [spargens
351 1934 494 1976 umida
517 1934 641 1976 mella
664 1934 1023 1989 soporiferumque
1047 1932 1262 1989 papaver]

107 1996 209 2038 haec
233 2012 277 2039 se
301 1996 552 2038 carminibus
577 1997 779 2051 promittit.
802 1997 961 2038 solvere
985 2004 1144 2038 mentes

108 2073 210 2112 quas
235 2059 345 2108 velit,
371 2066 434 2100 ast
457 2059 546 2100 aliis
571 2059 695 2100 duras
719 2058 925 2100 inmittere
951 2073 1089 2107 curas3

107 2121 249 2163 sistere
274 2136 427 2175 aquam
449 2121 585 2162 fluviis
611 2128 652 2163 et
675 2128 834 2162 vertere
859 2120 995 2161 sidera
1019 2128 1147 2169 retr03

106 2190 411 2236 nocturnosque
434 2190 572 2224 movet
598 2182 729 2224 manis
738 2198 748 2231 3
773 2181 935 2237 mugire
959 2182 1121 2223 videbis

108 2246 186 2287 sub
210 2245 384 2301 pedibus
409 2252 561 2287 terram
587 2252 627 2286 et
651 2244 902 2286 descendere
925 2244 1136 2285 montibus
1166 2257 1301 2286 ornos.

106 2316 245 2357 testor,
271 2322 379 2357 cara,
405 2308 504 2350 deos
529 2315 570 2349 et
593 2314 647 2356 te,
673 2322 884 2362 germana,
910 2313 1110 2360 tuumque

107 2371 227 2412 dulce
252 2377 387 2424 caput,
411 2369 596 2425 magicas
620 2369 793 2410 invitam
817 2368 1025 2424 accingier
1049 2368 1160 2410 artis.

106 2440 151 2474 tu
176 2439 334 2474 secreta
357 2447 503 2486 pyram
527 2439 634 2473 tecto
659 2431 853 2472 interiore
878 2431 956 2472 sub
983 2446 1104 2472 auras

107 2495 219 2549 erige
244 2501 285 2536 et
307 2509 422 2535 arma
445 2494 534 2543 viri,
560 2494 742 2534 thalamo
767 2507 875 2547 quae
900 2494 983 2534 fixa
1006 2491 1174 2546 reliquit

105 2557 270 2611 impiUS‚
296 2556 550 2610 exuviasque
574 2555 706 2596 omnis
730 2555 968 2608 lectumque
993 2554 1191 2609 iugalem,

106 2633 188 2673 quo
212 2618 328 2674 perii,
353 2618 672 2673 superinponas:
697 2617 863 2659 abolere
886 2617 1057 2659 nefandi

177 2685 305 2719 Veryt'lz'us
318 2685 358 2712 ed.
376 2685 459 2712 Thilo.
1179 2682 1223 2719 11

1376 143 1452 186 161

1482 329 1547 360 460

1482 638 1545 668 465

1480 949 1545 979 470

1477 1262 1542 1292 475

1477 1573 1542 1604 480

1475 1884 1538 1915 485

1475 2193 1539 2224 490

1473 2503 1536 2533 495
