1622 2847
495 171 497 174 Α
531 135 784 173 AENEIDOS
809 136 904 172 LIB.
928 136 996 173 111.
1359 126 1439 171 147

95 257 169 286 vos
194 242 375 284 animam
398 241 505 294 hanc
528 241 667 297 potius
692 255 956 296 quocumque
982 240 1188 283 absumite
1212 240 1322 285 leto.’

151 305 235 348 Vix
260 320 308 348 ea
333 305 442 345 fatus
468 311 567 353 erat,
594 319 756 345 summo
781 318 877 345 cum
900 311 1041 345 monte
1066 303 1257 345 videmus
1467 315 1530 346 655

95 367 233 423 ipsum
256 367 361 408 inter
386 367 566 421 pecudes
592 373 710 408 vasta
734 381 777 407 se
803 366 912 407 mole
937 372 1174 407 moventem

95 436 301 485 pastorem
325 428 629 484 Polyphemum
654 435 695 470 et
717 429 839 469 litora
862 435 961 469 nota
984 435 1208 483 petentem,

95 499 323 533 monstrum
337 491 603 541 horrendum,
612 491 802 540 informe,
811 490 973 545 ingens,
983 491 1049 531 cui
1062 491 1203 532 lumen
1217 490 1471 546 ademptum.

96 560 241 594 trunca
264 568 391 594 manu
415 553 537 608 pinus
562 553 671 608 regit
695 560 736 594 et
759 553 935 607 vestigia
959 552 1095 593 firmat
1104 569 1114 602 3

95 615 304 670 lanigerae
329 616 579 657 comitantur
603 630 700 657 oves
709 631 720 664 ;
747 630 796 656 ea
822 615 909 656 sola
934 615 1125 670 voluptas
1465 625 1530 657 660

96 677 362 731 solamenque
387 678 497 719 mali.

93 746 313 794 postquam
338 741 441 781 altos
467 740 604 795 tetigit
626 741 775 781 fluctus
802 746 843 781 et
866 739 920 780 ad
945 753 1127 793 aequora
1151 740 1276 790 venit,

93 801 259 843 luminis
285 802 424 844 effossi
447 803 622 844 fluidum
646 803 749 844 lavit
772 802 868 843 inde
894 816 1096 850 cruorem,

94 863 287 905 dentibus
312 865 551 907 infrendens
577 865 748 920 gemitu,
774 864 1046 920 graditurque
1071 879 1145 919 per
1169 878 1325 919 aequor

92 925 176 966 iam
200 927 397 976 medium,
423 928 602 969 necdum
627 928 776 969 fluctus
801 927 932 969 latera
957 927 1087 968 ardua
1112 927 1245 969 tinxit.
1463 934 1526 968 665

92 1003 167 1029 nos
191 990 338 1043 procul
361 990 456 1031 inde
482 990 626 1045 fugam
652 989 801 1044 trepidi
828 989 1022 1037 celerare,
1047 997 1213 1044 recepto

94 1051 280 1105 supplice
304 1052 363 1093 sic
388 1052 546 1100 merito,
572 1051 768 1104 tacitique
792 1051 974 1092 incidere
999 1051 1162 1100 funem3

93 1113 296 1154 verrimus
322 1121 362 1155 et
385 1114 504 1169 proni
529 1114 782 1155 certantibus
807 1128 989 1166 aequora
1012 1114 1150 1155 remis.

93 1175 220 1215 sensit
243 1183 284 1216 et
308 1176 361 1216 ad
385 1176 566 1217 sonitum
589 1176 703 1217 vocis
728 1176 904 1230 vestigia
928 1176 1064 1216 torsit:

92 1251 237 1278 verum
262 1238 334 1278 ubi
358 1239 471 1279 nulla
496 1238 618 1279 datur
642 1239 788 1279 dextra
812 1238 1010 1279 affectare
1035 1246 1217 1292 potestas
1464 1250 1528 1281 670

91 1314 168 1341 nec
191 1300 300 1354 potis
323 1300 463 1342 Ionios
488 1302 638 1342 fluctus
663 1315 842 1354 aequare
867 1301 1095 1354 sequendo,

93 1362 315 1403 clamorem
339 1363 588 1404 immensum
612 1363 729 1411 tollit,
756 1377 838 1416 quo
862 1371 1014 1418 pontus
1039 1370 1081 1404 et
1105 1378 1247 1405 omnes

93 1432 377 1466 contremuere
402 1426 538 1467 undae
563 1425 811 1480 penitusque
837 1426 1033 1466 exterrita
1057 1426 1180 1467 tellus

92 1486 238 1527 Italiae
264 1487 483 1540 curvisque
508 1487 703 1542 inmugiit
727 1488 868 1528 Aetna
893 1487 1092 1528 cavernis.

92 1556 135 1590 at
157 1564 290 1604 genus
315 1564 337 1590 e
362 1550 474 1591 silvis
501 1548 737 1605 Cyclopum
763 1556 803 1590 et
826 1549 1037 1590 montibus
1064 1549 1156 1590 altis
1464 1562 1528 1593 675

93 1611 274 1653 excitum
297 1611 380 1652 ruit
405 1612 457 1652 ad
481 1620 625 1666 portus
651 1620 692 1653 et
715 1612 835 1652 litora
861 1612 1081 1666 complent.

94 1673 299 1715 cernimus
324 1674 524 1715 adstantis
550 1674 804 1728 nequiquam
829 1674 986 1715 lumine
1011 1680 1128 1716 torvo

93 1737 305 1778 Aetnaeos
332 1737 493 1786 fratres,
520 1737 634 1778 caelo
660 1736 797 1791 capita
821 1737 904 1777 alta
928 1736 1110 1786 ferentis,

94 1798 312 1840 concilium
336 1798 608 1841 horrendum:
635 1799 778 1853 quales
803 1814 899 1840 cum
923 1799 1075 1841 vertice
1102 1799 1212 1841 celso

93 1861 228 1903 aeriae
252 1875 428 1915 quercus
453 1869 526 1902 aut
549 1862 755 1903 coniferae
781 1861 981 1916 cyparissi
1463 1873 1526 1905 680

94 1924 374 1973 constiterunt,
400 1924 504 1965 silva
528 1924 610 1965 alta
634 1924 746 1965 Iovis
770 1924 942 1965 lucusve
966 1923 1141 1965 Dianae.

93 1986 337 2042 praecipites
362 1994 496 2027 metus
523 2001 617 2028 acer
641 1986 728 2041 agit
751 2000 1016 2040 quocumque
1040 1986 1225 2027 rudentis

95 2055 286 2090 excutere
311 2055 352 2090 et
375 2049 509 2090 ventis
534 2049 747 2090 intendere
772 2049 865 2089 vela
889 2048 1095 2090 secundis.

96 2110 259 2167 [contra
281 2110 394 2152 iussa
417 2118 587 2152 monent
612 2111 766 2152 Heleni
791 2110 977 2165 Scyllam
1002 2118 1124 2164 atque
1152 2110 1423 2166 Charybdim,

93 2174 200 2215 inter
223 2180 442 2227 utramque
467 2174 575 2214 viam
602 2174 671 2215 leti
698 2173 933 2214 discrimine
958 2187 1086 2228 parvo
1462 2186 1525 2217 685

93 2236 137 2277 ni
160 2242 327 2277 teneant
350 2251 513 2277 cursus:
540 2244 697 2277 certum
722 2243 782 2277 est
808 2235 907 2276 dare
930 2236 1057 2277 lintea
1081 2235 1223 2291 retro]

95 2312 190 2340 ecce
216 2305 352 2339 autem
377 2299 534 2340 Boreas
560 2305 738 2353 angusta
762 2298 814 2338 ab
840 2297 936 2338 sede
961 2297 1103 2338 Pelori

93 2361 244 2402 missus
270 2361 397 2402 adest.
445 2361 541 2402 vivo
566 2360 858 2416 praetervehor
883 2360 990 2401 ostia
1015 2374 1114 2400 saxo

93 2423 323 2478 Pantagiae
347 2423 628 2477 Megarosque
653 2423 767 2463 sinus
792 2423 1092 2478 Thapsumque
1117 2422 1333 2464 iacentem.

95 2485 214 2542 [talia
238 2486 493 2527 monstrabat
515 2487 703 2541 relegens
730 2494 863 2526 errata
887 2492 1088 2526 retrorsus
1461 2497 1525 2528 690

93 2549 214 2590 litora
238 2548 583 2597 Achaemenides,
610 2563 748 2589 comes
773 2547 948 2588 infelicis
973 2546 1123 2601 Ulixi.]

151 2610 318 2654 Sicanio
344 2618 557 2666 praetenta
583 2611 675 2652 sinu
699 2610 805 2652 iacet
828 2610 964 2652 insula
989 2618 1131 2651 contra

1136 2676 1210 2711 10⁹⁵
