1622 2847
139 411 204 443 340

137 724 200 755 345

133 1348 197 1379 355

132 1660 197 1692 360

131 1973 194 2004 365

132 2287 196 2317 370

231 161 284 203 98
645 172 685 209 Ρ.
706 171 916 208 VERGILI
941 173 1138 210 MARONI
1142 173 1166 210 S

229 274 393 316 Punica
416 291 546 330 regna
569 276 698 325 vides,
724 276 874 331 Tyrios
899 283 939 318 et
963 278 1172 332 Agenoris
1197 279 1342 320 urbem
1351 295 1363 329 ;

230 337 302 378 sed
327 338 430 378 fines
455 338 620 392 Libyci,
647 353 780 392 genus
806 339 1066 386 intractabile
1092 341 1211 382 bello.

228 399 448 454 imperium
473 400 585 441 Dido
610 400 739 454 Tyria
762 401 871 456 regit
894 402 996 442 urbe
1021 403 1219 456 profecta,

227 477 474 516 germanum
499 462 676 516 fugiens·
724 463 850 516 longa
875 471 936 504 est
959 463 1120 513 iniuria,
1146 465 1296 519 longae

227 524 446 578 ambages3
473 524 545 564 sed
571 539 732 565 summa
756 539 905 577 sequar
931 525 1096 580 fastigia
1120 541 1271 567 rerum.

227 586 322 628 huic
348 587 528 627 coniunx
555 585 770 640 Sychaeus
797 595 897 635 erat,
924 588 1148 629 ditissimus
1175 589 1265 643 agri

225 648 499 697 Phoenicum,
525 656 566 689 et
590 663 743 703 magno
768 649 944 690 miserae
970 650 1143 691 dilectus
1169 665 1322 700 amore,

227 712 294 752 cui
318 718 434 766 pater
459 711 656 752 intactam
682 712 851 753 dederat
877 712 1102 766 primisque
1128 713 1293 767 iugarat

226 774 446 814 ominibus.
495 774 568 815 sed
592 788 722 828 regna
745 774 848 828 Tyri
873 789 1097 828 germanus
1124 775 1306 816 habebat

223 835 490 891 Pygmalion,
515 836 669 877 scelere
693 842 788 876 ante
814 836 914 876 alios
939 837 1159 877 immanior
1184 837 1329 878 omnis.

224 912 328 951 quos
354 898 459 939 inter
484 898 645 939 medius
672 898 786 938 venit
810 900 936 940 furor.
987 899 1054 939 ille
1081 898 1319 953 Sychaeum

223 960 373 1015 impius
400 967 494 1001 ante
520 976 612 1001 aras
637 969 761 1013 atque
787 960 876 1000 auri
901 975 1048 1002 caecus
1074 975 1213 1001 amore

224 1023 330 1064 clam
355 1022 465 1064 ferro
490 1023 702 1063 incautum
728 1029 908 1076 superat,
941 1037 1111 1064 securus
1137 1037 1324 1063 amorum

222 1100 465 1139 germanae3
492 1085 732 1137 factumque
759 1085 828 1125 diu
855 1084 1004 1126 celavit
1031 1091 1071 1126 et
1095 1099 1264 1139 aegram

222 1148 353 1188 multa
378 1147 510 1187 malus
537 1147 736 1187 simulans
762 1162 869 1187 vana
894 1161 967 1201 spe
992 1147 1088 1187 lusit
1112 1156 1334 1188 amantem.

221 1210 313 1264 ipsa
338 1210 411 1250 sed
435 1210 477 1250 in
503 1209 656 1250 somnis
682 1209 885 1249 inhumati
911 1210 1025 1249 venit
1049 1209 1187 1264 imago

223 1272 431 1325 coniugis3
457 1286 529 1312 ora
553 1271 686 1311 modis
712 1272 902 1312 attollens
928 1271 1081 1326 pallida
1106 1272 1219 1312 miris

223 1334 401 1375 crudelis
428 1349 520 1374 aras
545 1333 799 1386 traiectaque
824 1341 994 1388 pectora
1018 1334 1126 1374 ferro

220 1396 393 1438 nudavit
418 1410 672 1449 caecumque
698 1396 846 1436 domus
872 1397 1005 1437 scelus
1031 1410 1152 1437 omne
1177 1395 1338 1437 retexit.

222 1467 309 1500 tum
336 1459 515 1500 celerare
541 1458 686 1512 fugam
710 1458 926 1512 patriaque
953 1459 1152 1499 excedere
1178 1458 1327 1499 suadet

222 1521 505 1575 auxiliumque
531 1520 622 1561 viae
647 1520 796 1561 veteris
822 1521 967 1561 tellure
992 1520 1168 1561 recludit

222 1584 452 1632 thesauros,
477 1583 666 1637 ignotum
693 1582 854 1637 argenti
879 1582 1042 1637 pondus
1069 1589 1111 1623 et
1135 1582 1237 1622 auri.

222 1647 285 1688 his
311 1652 517 1687 commota
541 1645 687 1699 fugam
711 1643 826 1685 Dido
853 1644 1070 1697 sociosque
1095 1644 1282 1698 parabat.

221 1708 485 1757 conveniunt,
512 1707 663 1761 quibus
689 1713 761 1747 aut
785 1706 926 1747 odium
952 1706 1117 1748 crudele
1143 1706 1306 1760 tyranni

221 1778 294 1813 aut
317 1778 452 1812 metus
478 1784 573 1811 acer
597 1777 702 1818 erat.;
728 1784 870 1818 naves,
897 1783 1003 1822 quae
1028 1770 1133 1810 forte
1158 1775 1340 1823 paratae,

221 1834 448 1889 corripiunt
471 1839 726 1885 onerantque
753 1846 872 1880 auro3
897 1838 1113 1886 portantur
1137 1831 1251 1872 avari

219 1895 506 1951 Pygmalionis
533 1909 632 1949 opes
659 1894 827 1948 pelag03
853 1894 938 1934 dux
964 1893 1118 1934 femina
1143 1893 1254 1934 sacti.

222 1960 426 2001 devenere
451 1957 578 2006 locos,
603 1956 676 1997 ubi
700 1970 810 1996 nunc
835 1955 1021 2010 ingentia
1047 1955 1180 1996 cernis

221 2021 386 2063 moenia
411 2026 733 2074 surgentemque
758 2033 890 2059 novae
915 2017 1189 2072 KarthaginiS
1215 2032 1366 2066 arcem,

224 2083 496 2139 [mercatique
522 2082 668 2130 solum,
695 2080 795 2121 facti
820 2080 871 2121 de
893 2079 1062 2120 nomine
1087 2080 1279 2134 Byrsam,

221 2146 382 2187 taurino
407 2151 608 2198 quantum
634 2149 805 2198 possent
828 2142 1083 2184 circumdare
1107 2140 1258 2196 terga]

221 2209 293 2250 sed
319 2222 392 2249 vos
417 2207 488 2261 qui
513 2206 693 2254 tandem,
720 2205 871 2259 quibus
897 2211 969 2245 aut
993 2204 1161 2246 venistis
1186 2204 1240 2245 ab
1264 2203 1360 2254 oris,

221 2285 356 2324 quove
381 2268 529 2311 tenetis
553 2268 672 2309 iter?’
698 2267 914 2321 quaerenti
938 2266 1088 2307 talibus
1114 2266 1182 2307 ille

222 2333 434 2387 suspirans
459 2331 625 2384 imoque
651 2330 817 2370 trahens
844 2345 868 2370 a
892 2336 1058 2384 pectore
1083 2343 1246 2370 vocem:

280 2393 339 2436 ‘O
367 2394 456 2443 dea,
482 2393 516 2434 si
538 2393 671 2447 prima
695 2399 884 2446 repetens
910 2391 962 2431 ab
987 2390 1144 2446 origine
1169 2406 1354 2446 pergam,

223 2464 264 2499 et
287 2464 408 2498 vacet
432 2456 591 2496 annalis
615 2462 850 2495 nostrorum
876 2453 1017 2495 audire
1042 2453 1245 2502 laborum,

224 2526 318 2561 ante
345 2519 453 2560 diem
479 2518 619 2559 clauso
645 2523 867 2572 componet
890 2518 1051 2571 Vesper
1076 2514 1274 2571 Olympo.

134 2595 197 2627 375
222 2597 299 2623 nos
324 2580 452 2622 Troia
476 2580 659 2633 antiqua,
686 2580 718 2620 si
743 2586 900 2620 vestras
925 2578 1030 2619 forte
1055 2593 1128 2633 per
1153 2578 1263 2619 auris

223 2643 374 2686 Troiae
399 2657 550 2684 nomen
575 2642 633 2691 iit,
659 2642 822 2684 diversa
844 2656 918 2696 per
942 2654 1123 2694 aequora
1148 2648 1286 2683 vectos
