1622 2847
132 506 196 537 190

133 816 196 847 195

132 1127 198 1158 200

136 1439 199 1469 205

138 1751 203 1782 210

142 2063 206 2095 215

145 2374 210 2406 220

219 137 273 179 48
633 147 677 182 Ρ.
701 146 909 183 VERGILI
934 147 1111 183 MARON
1114 147 1158 182 IS

220 250 402 302 (qualem
429 265 552 305 saepe
577 265 680 291 cava
703 251 855 293 montis
881 251 1068 292 convalle
1092 251 1272 293 solemus

219 311 439 366 dispicere3
466 313 547 353 huc
573 313 744 353 summis
768 313 982 366 liquuntur
1005 313 1178 368 rupibus
1204 327 1346 354 amnes

218 373 467 427 felicemque
491 374 661 415 trahunt
685 375 850 428 limum)
875 375 1029 429 quique
1054 375 1188 416 editus
1213 384 1352 416 austro

219 443 259 476 et
283 436 434 477 filicem
460 437 595 477 curvis
621 437 798 478 invisam
823 437 955 491 pascit
980 437 1144 478 aratris:

220 497 287 538 hic
313 498 387 538 tibi
412 498 673 552 praevalidas
698 499 795 539 olim
820 499 1035 552 multoque
1059 499 1224 540 fluentis

221 560 398 601 sufficiet
423 561 591 601 Baccho
616 561 723 610 vitis,
750 561 816 602 hic
840 561 985 602 fertilis
1009 577 1128 609 uvae,

222 621 289 662 hic
314 622 446 662 laticis
472 623 637 675 qualem
661 623 814 677 pateris
840 623 1018 664 libamus
1044 631 1083 664 et
1108 638 1222 672 auro,

221 684 380 724 inflavit
404 699 498 725 cum
524 685 690 738 pinguis
716 685 820 726 ebur
844 685 1084 739 Tyrrhenus
1109 686 1162 726 ad
1186 700 1290 735 aras,

221 746 409 787 lancibus
435 754 474 787 et
500 746 647 800 pandis
672 746 876 787 fumantia
899 747 1110 787 reddimus
1135 755 1242 788 exta.

224 808 286 848 sin
312 816 500 849 armenta
524 808 657 863 magis
683 809 867 849 studium
892 809 1126 862 vitulosque
1151 809 1256 850 tueri

222 878 295 911 aut
320 871 460 911 ovium
486 871 618 912 fetum
643 878 715 912 aut
739 871 895 912 urentis
921 871 1032 912 culta
1057 871 1249 926 capellas,

223 933 352 974 saltus
378 941 418 974 et
443 934 571 974 saturi
596 933 724 987 petito
748 933 976 987 longinqua
1000 933 1172 974 Tarenti

223 1002 263 1036 et
288 995 455 1048 qualem
479 995 626 1036 infelix
651 995 787 1036 amisit
811 995 991 1035 Mantua
1015 1010 1222 1050 campum,

220 1065 461 1111 pascentem
485 1057 628 1098 niveos
654 1057 831 1098 herboso
856 1057 1026 1099 flumine
1051 1072 1221 1111 cycnos:

221 1133 306 1160 non
329 1119 474 1173 liquidi
499 1119 698 1174 gregibus
724 1119 873 1169 fontes,
897 1134 982 1160 non
1006 1119 1196 1174 gramina
1220 1119 1381 1167 derunt,

223 1189 264 1223 et
289 1189 492 1235 quantum
516 1182 652 1236 longis
679 1189 849 1237 carpent
873 1189 1059 1223 armenta
1083 1182 1243 1231 diebus,

223 1244 376 1299 exigua
400 1251 562 1285 tantum
587 1244 749 1299 gelidus
774 1259 842 1285 ros
866 1251 987 1286 nocte
1011 1251 1195 1299 reponet.

224 1307 345 1361 nigra
369 1307 455 1348 fere
481 1313 523 1347 et
546 1320 689 1361 presso
714 1306 880 1361 pinguis
907 1306 984 1347 sub
1010 1321 1174 1347 vomere
1199 1313 1308 1347 terra

225 1376 266 1410 et
290 1369 358 1410 cui
382 1376 503 1423 putre
528 1368 662 1409 solum
688 1371 885 1421 (namque
910 1368 988 1409 hoc
1013 1368 1223 1409 imitamur
1247 1367 1434 1420 arando),

225 1431 381 1486 optima
405 1431 642 1472 frumentis:
667 1446 751 1472 non
776 1432 860 1471 ullo
887 1446 938 1472 ex
963 1445 1142 1484 aequore
1167 1445 1309 1472 cernes

224 1494 345 1549 plura
369 1493 540 1534 domum
565 1494 694 1534 tardis
719 1493 920 1535 decedere
946 1494 1131 1548 plaustra
1154 1492 1358 1534 iuvencis:

227 1563 299 1597 aut
323 1555 434 1597 unde
460 1556 589 1597 iratus
614 1556 760 1597 silvam
787 1555 951 1597 devexit
976 1563 1112 1596 arator

228 1626 268 1659 et
291 1633 462 1659 nemora
487 1618 633 1659 evertit
658 1619 809 1659 multos
834 1618 987 1673 ignava
1011 1633 1085 1672 per
1110 1631 1239 1658 annos

227 1681 502 1734 antiquasque
528 1681 672 1721 domos
697 1681 837 1722 avium
863 1695 958 1721 cum
983 1680 1180 1734 stirpibus
1205 1679 1298 1721 imis

228 1743 351 1792 eruit3
376 1743 471 1784 illae
496 1743 626 1784 altum
650 1743 757 1784 nidis
783 1743 937 1797 petiere
961 1742 1126 1791 relictis,

229 1813 270 1846 at
294 1805 408 1846 rudis
433 1805 579 1846 enituit
603 1805 768 1859 inpulso
794 1820 960 1846 vomere
985 1819 1170 1858 campus.

229 1883 325 1909 nam
351 1868 489 1909 ieiuna
513 1867 681 1922 quidem
707 1868 850 1909 clivosi
875 1868 1017 1923 glarea
1040 1867 1146 1908 ruris

230 1930 300 1971 vix
325 1929 491 1971 humilis
517 1930 666 1984 apibus
691 1931 822 1971 casias
847 1944 1065 1983 roremque
1090 1929 1306 1978 ministrat,

232 2000 271 2034 et
295 1993 406 2033 tofus
431 1993 577 2034 scaber
601 2000 641 2033 et
665 1992 794 2048 nigris
820 2007 943 2033 exesa
968 1991 1173 2046 chelydris

233 2062 346 2096 creta
369 2062 523 2109 negant
548 2055 649 2095 alios
675 2069 807 2108 aeque
833 2054 1094 2109 serpentibus
1119 2067 1242 2108 agros

233 2118 396 2158 dulcem
421 2117 528 2158 ferre
554 2117 692 2158 cibum
718 2124 757 2158 et
782 2131 929 2158 curvas
955 2116 1154 2172 praebere
1179 2115 1372 2156 latebras.

233 2194 341 2233 quae
366 2188 534 2220 tenuem
559 2179 725 2221 exhalat
749 2179 946 2220 nebulam
969 2179 1189 2232 fumosque
1214 2177 1404 2218 volucres

234 2249 274 2283 et
298 2241 403 2282 bibit
427 2257 615 2283 umorem
641 2249 694 2291 et,
720 2256 815 2283 cum
841 2242 939 2291 volt,
966 2256 1017 2283 ex
1042 2256 1084 2282 se
1109 2240 1200 2295 ipsa
1223 2239 1393 2281 remittit

235 2318 425 2358 quaeque
451 2319 525 2345 suo
551 2319 714 2359 semper
737 2303 879 2345 viridis
905 2318 948 2345 se
973 2302 1160 2358 gramine
1185 2301 1309 2343 vestit

233 2381 311 2408 nec
335 2366 475 2407 scabie
500 2374 539 2408 et
564 2368 672 2408 salsa
695 2367 821 2408 laedit
845 2366 1032 2420 robigine
1057 2365 1226 2413 ferrum,

233 2428 304 2469 illa
328 2428 403 2469 tibi
426 2429 544 2470 laetis
568 2429 724 2470 intexet
748 2428 902 2470 vitibus
928 2429 1074 2477 ulmos,

236 2491 307 2532 illa
331 2491 448 2531 ferax
473 2491 563 2532 oleo
590 2499 662 2540 est,
688 2491 803 2532 illam
828 2490 1039 2545 experiere
1065 2487 1237 2530 colendo

237 2560 278 2594 et
302 2553 466 2594 facilem
491 2553 630 2607 pecori
657 2561 696 2594 et
720 2553 946 2608 patientem
971 2550 1147 2593 vomeris
1172 2550 1282 2592 unci.

236 2615 361 2657 talem
386 2615 501 2657 dives
526 2623 613 2656 arat
640 2614 789 2671 Capua
813 2622 853 2657 et
878 2614 1014 2656 vicina
1038 2614 1230 2657 Vesaevo

1611 385 1622 514 ,ιη-...Δ
1615 288 1622 370 ...Α-.-
1615 246 1622 266 -,
1616 196 1622 222 n„
