1622 2847
135 465 198 496 345

135 776 200 807 350

135 1087 198 1117 355

135 1403 200 1434 360

138 1715 202 1746 365

142 2026 206 2057 370

143 2338 207 2368 375

145 2648 209 2680 380

223 156 277 200 52
637 168 680 202 P.
701 167 910 204 VERGILI
935 168 1160 204 MARONIS

222 270 513 325 immissaeque
538 271 650 312 ferae
676 271 789 313 silvis
817 279 856 313 et
883 272 1018 313 sidera
1043 274 1170 315 caelo.

220 349 298 375 nec
321 349 386 375 res
411 333 522 374 hunc
547 341 716 375 tenerae
741 342 911 389 possent
933 334 1116 390 perferre
1139 336 1338 386 laborem,

224 396 258 436 si
282 411 365 437 non
391 403 504 438 tanta
529 396 646 449 quies
671 397 749 438 iret
773 397 989 451 frigusque
1014 398 1277 452 caloremque

224 458 330 499 inter
355 465 396 500 et
420 458 630 513 exciperet
655 459 757 500 caeli
782 459 1042 514 indulgentia
1066 468 1208 502 terras.

280 520 407 573 Quod
427 528 628 575 superest,
655 535 943 575 quaecumque
961 537 1123 577 premes
1143 523 1323 578 virgulta
1342 537 1414 578 per
1433 537 1569 577 agros,

227 597 376 638 sparge
401 583 498 623 fimo
524 583 670 637 pingui
695 591 735 625 et
759 584 890 624 multa
913 599 1072 626 memor
1096 585 1238 626 occule
1264 592 1384 633 terra,

224 653 296 686 aut
320 645 501 700 lapidem
527 645 717 687 bibulum
742 653 814 687 aut
837 647 1063 700 squalentis
1088 647 1227 688 infode
1252 647 1448 688 conchas:

224 707 331 748 inter
356 707 464 748 enim
488 707 681 749 labentur
705 722 839 762 aquae
864 708 1081 763 tenuisque
1107 709 1263 750 subibit

225 769 376 810 halitus
402 776 526 823 atque
552 770 711 811 animos
736 771 880 811 tollent
905 778 1004 812 sata.
1054 771 1220 825 iamque
1244 770 1408 827 reperti,

224 832 295 886 qui
321 847 420 872 saxo
447 847 571 887 super
595 840 719 886 atque
743 833 923 887 ingentis
948 834 1130 888 pondere
1155 840 1285 876 testae

222 902 436 949 urgerent:
464 894 543 936 hoc
568 894 722 935 effusos
747 895 960 936 munimen
985 895 1038 936 ad
1063 896 1230 944 imbres,

222 957 314 1005 hoc,
342 957 412 997 ubi
438 956 577 998 hiulca
601 957 667 998 siti
692 957 811 997 findit
836 957 947 998 canis
974 957 1140 999 aestifer
1164 973 1276 999 arva.

278 1018 519 1061 Seminibus
544 1018 688 1074 positis
714 1026 904 1074 superest
928 1019 1124 1061 diducere
1149 1027 1301 1062 terram

225 1082 390 1136 saepius
416 1081 468 1122 ad
494 1081 630 1136 capita
655 1088 696 1122 et
719 1081 845 1122 duros
870 1082 1024 1123 iactare
1049 1082 1240 1131 bidentis,

224 1151 296 1185 aut
319 1158 462 1199 presso
488 1159 680 1185 exercere
706 1144 840 1185 solum
865 1144 943 1185 sub
968 1159 1134 1186 vomere
1160 1152 1201 1187 et
1224 1145 1315 1200 ipsa

223 1207 388 1247 flectere
413 1206 606 1247 luctantis
630 1206 737 1247 inter
761 1206 901 1248 vineta
924 1206 1120 1248 iuvencos
1129 1223 1139 1256 ;

224 1276 312 1310 tum
336 1268 440 1310 levis
466 1268 648 1309 calamos
674 1275 715 1309 et
737 1283 854 1310 rasae
879 1268 1043 1310 hastilia
1067 1269 1209 1324 virgae

224 1331 517 1384 fraxineasque
543 1337 685 1385 aptare
711 1330 834 1372 sudes
860 1330 1083 1385 sumasque
1107 1331 1296 1381 valentis,

225 1394 382 1434 viribus
409 1393 507 1434 eniti
532 1407 708 1447 quarum
733 1400 775 1435 et
798 1400 1061 1436 contemnere
1085 1401 1229 1435 ventos

226 1456 475 1497 adsuescant
499 1469 768 1509 summasque
793 1456 912 1510 sequi
937 1456 1124 1497 tabulata
1147 1471 1221 1511 per
1245 1456 1392 1497 ulmos.

282 1518 350 1559 Ac
375 1518 473 1558 dum
499 1518 632 1573 prima
656 1518 775 1559 novis
801 1518 1001 1560 adolescit
1024 1518 1241 1560 frondibus
1266 1525 1392 1568 aetas,

226 1581 482 1636 parcendum
508 1580 673 1630 teneris,
699 1588 740 1622 et
763 1581 864 1622 dum
889 1595 933 1622 se
958 1581 1091 1622 laetus
1116 1581 1170 1623 ad
1194 1596 1315 1622 auras

226 1643 384 1698 palmes
410 1643 495 1698 agit
520 1643 624 1683 laxis
649 1658 724 1698 per
746 1658 899 1698 purum
922 1643 1131 1685 immissus
1155 1642 1342 1693 habenis,

227 1706 319 1761 ipsa
343 1705 431 1746 acie
455 1705 642 1746 nondum
666 1705 784 1746 falcis
810 1706 1064 1761 temptanda,
1089 1706 1163 1748 sed
1186 1705 1303 1747 uncis

229 1768 462 1823 carpendae
487 1768 680 1808 manibus
704 1767 872 1809 frondes
897 1768 1086 1822 interque
1113 1767 1327 1823 legendae.

229 1831 326 1871 inde
351 1830 424 1871 ubi
448 1830 530 1871 iam
556 1830 703 1871 validis
729 1831 945 1885 amplexae
971 1830 1168 1885 stirpibus
1192 1831 1327 1871 ulmos

231 1893 418 1941 exierint,
445 1899 533 1933 tum
559 1892 715 1947 stringe
740 1907 891 1941 comas,
918 1899 1005 1933 tum
1031 1892 1225 1934 bracchia
1248 1891 1372 1934 tonde

232 1958 343 2008 (ante
368 1954 640 1996 reformidant
663 1955 849 2005 ferrum),
875 1961 963 1995 tum
988 1955 1165 2008 denique
1191 1955 1295 1995 dura

232 2031 377 2059 exerce
402 2017 576 2071 imperia
601 2023 641 2058 et
664 2032 800 2057 ramos
827 2031 1043 2072 compesce
1067 2017 1245 2058 fluentis.

288 2080 512 2120 Texendae
538 2094 683 2134 saepes
708 2079 831 2120 etiam
857 2087 895 2120 et
921 2094 1048 2134 pecus
1073 2093 1194 2120 omne
1220 2079 1458 2128 tenendum,

232 2142 454 2197 praecipue
481 2142 578 2182 dum
605 2142 717 2182 frons
743 2149 884 2183 tenera
909 2141 1234 2197 imprudensque
1258 2141 1468 2191 laborum3

235 2204 320 2260 [cui
345 2220 469 2259 super
492 2204 684 2259 indignas
709 2205 866 2246 hiemes
893 2205 1105 2258 solemque
1128 2210 1339 2258 potentem

233 2268 440 2309 silvestres
464 2267 529 2307 uri
553 2267 725 2308 adsidue
751 2282 983 2322 capraeque
1007 2281 1206 2320 sequaces

232 2329 439 2377 inludunt,
464 2336 692 2384 pascuntur
716 2343 813 2371 oves
838 2329 1068 2383 avidaeque
1092 2327 1310 2384 iuvencae]

232 2392 387 2447 frigora
412 2406 488 2433 nec
513 2398 674 2432 tantum
700 2406 802 2433 cana
827 2398 1018 2434 concreta
1043 2391 1191 2446 pruina

234 2462 305 2501 aut
329 2453 468 2508 gravis
493 2453 737 2495 incumbens
764 2455 941 2510 seopulis
967 2453 1178 2495 arentibus
1204 2460 1352 2502 aestas,

232 2524 434 2570 quantum
459 2516 517 2556 illi
541 2531 720 2557 nocuere
746 2531 893 2571 greges
919 2516 1093 2570 durique
1118 2530 1324 2556 venenum

234 2578 368 2619 dentis
393 2584 430 2618 et
457 2578 649 2619 admorso
675 2578 837 2633 signata
860 2580 901 2619 in
927 2578 1051 2632 stirpe
1076 2577 1258 2619 cicatrix.

233 2655 315 2683 non
342 2640 465 2684 aliam
490 2641 543 2682 ob
569 2641 734 2699 culpam
760 2640 928 2683 Baccho
955 2655 1077 2701 caper
1102 2639 1292 2681 omnibus
1317 2638 1397 2684 aris
