1622 2847
471 133 763 170 GEORGICON
785 133 884 169 LIB.
909 134 957 169 II.
1334 125 1390 167 49

47 251 120 279 ora
143 237 242 293 iugo
267 245 308 280 et
329 238 473 279 vacuis
500 236 673 279 Clanius
698 252 780 278 non
806 252 964 292 aequus
989 238 1172 280 Acerris.
1417 251 1480 282 225

101 300 227 341 Nunc
250 315 332 354 quo
356 314 564 353 quamque
589 300 714 341 modo
738 300 872 354 possis
898 295 1148 355 Cognoscere
1174 300 1322 342 dicam.

45 377 139 402 rara
164 363 217 403 sit
240 378 294 403 an
318 377 443 416 supra
467 376 625 403 morem
649 362 684 403 si
709 362 836 403 densa
859 362 1045 416 requires

46 424 191 474 (altera
214 423 431 465 frumentis
457 424 654 477 quoniam
679 424 806 473 favet,
831 424 960 466 altera
984 424 1166 474 Baccho,

45 486 173 527 densa
196 487 330 541 magis
357 485 513 535 Cereri,
538 486 749 527 rarissima
773 500 964 540 quaeque
989 487 1167 542 Lyaeo),

45 555 139 589 ante
163 549 301 589 locum
326 548 463 603 capies
488 549 617 589 oculis
643 549 808 602 alteque
832 548 996 590 iubebis
1417 563 1481 593 230

42 609 86 650 in
110 610 241 651 solido
264 618 437 665 puteum
462 610 621 651 demitti
646 624 894 664 omnemque
919 625 1095 666 repones

42 686 184 713 rursus
209 672 382 713 humum
408 679 448 714 et
471 672 647 727 pedibus
673 688 856 713 summas
882 674 1082 727 aequabis
1107 673 1296 716 harenas.

42 734 77 774 si
101 734 262 784 derunt,
286 750 426 775 rarum
450 735 673 790 pecorique
698 742 741 776 et
764 735 918 776 vitibus
943 736 1061 777 almis

42 796 177 850 aptius
202 796 306 838 uber
330 797 425 846 erit3
451 796 514 838 sin
537 797 579 837 in
605 812 680 838 sua
709 811 832 851 posse
855 798 1074 852 negabunt

40 857 100 899 ire
124 859 215 900 loca
240 866 281 900 et
305 859 519 900 scrobibus
545 859 759 914 superabit
782 867 891 901 terra
915 860 1095 914 repletis,
1414 873 1477 904 235

41 920 198 975 spissus
223 936 342 976 ager:
367 921 538 976 glaebas
564 921 795 963 cunctantis
822 937 1045 976 crassaque
1070 930 1187 978 terga

40 991 214 1038 expecta
239 991 279 1024 et
303 983 450 1025 validis
475 991 627 1025 terram
651 984 869 1038 proscinde
894 984 1092 1026 iuvencis.

40 1045 149 1086 salsa
175 1053 313 1087 autem
338 1046 458 1087 tellus
482 1053 523 1087 et
546 1060 654 1099 quae
678 1046 921 1101 perhibetur
945 1062 1099 1097 amara,

38 1107 230 1162 frugibus
253 1107 397 1149 infelix
422 1109 488 1159 (ea
511 1123 588 1149 nec
614 1109 866 1150 mansuescit
891 1109 1046 1150 arando

38 1184 115 1211 nec
139 1170 308 1211 Baccho
334 1185 467 1225 genus
493 1177 564 1211 aut
588 1170 722 1225 pomis
748 1186 824 1212 sua
846 1171 1017 1212 nomina
1041 1174 1208 1226 servat),
1410 1185 1475 1216 240

38 1233 119 1274 tale
145 1232 260 1274 dabit
284 1233 514 1287 specimen:
540 1240 586 1273 tu
610 1233 742 1288 spisso
767 1233 922 1275 vimine
946 1234 1092 1288 qualos

39 1295 210 1348 colaque
234 1295 445 1350 prelorum
469 1295 643 1336 fumosis
669 1295 810 1350 deripe
835 1296 952 1337 tectis
961 1312 971 1345 3

37 1356 119 1398 huc
143 1372 243 1412 ager
265 1357 334 1399 ille
359 1357 492 1398 malus
519 1357 744 1412 dulcesque
770 1373 795 1399 a
818 1358 1003 1400 fontibus
1029 1358 1166 1402 undae

37 1420 90 1460 ad
113 1420 282 1474 plenum
307 1420 517 1461 calcentur
525 1436 536 1469 ;
562 1434 670 1474 aqua
695 1420 943 1461 eluctabitur
967 1421 1100 1463 omnis

36 1482 192 1523 scilicet
216 1490 255 1524 et
279 1482 458 1538 grandes
482 1482 603 1523 ibunt
624 1497 700 1537 per
724 1483 879 1524 vimina
903 1490 1065 1538 guttae3
1407 1497 1471 1528 245

37 1551 80 1586 at
102 1559 224 1599 sapor
247 1544 446 1586 indicium
472 1544 610 1594 faciet,
635 1545 880 1587 manifestus
907 1553 948 1587 et
971 1560 1044 1587 ora

36 1607 466 1662 tristia'temptantum
492 1622 616 1649 sensu
641 1608 850 1662 torquebit
874 1623 1048 1649 amaror.

35 1669 201 1724 pinguis
225 1669 325 1711 item
349 1683 457 1723 quae
482 1669 535 1711 sit
558 1669 693 1719 tellus,
719 1670 798 1711 hoc
823 1670 1001 1724 denique
1026 1678 1148 1725 pacto

35 1731 248 1773 discimus:
273 1731 388 1773 haud
410 1746 610 1786 umquam
633 1732 826 1773 manibus
850 1732 1002 1773 iactata
1026 1733 1192 1782 fatiscit,

36 1794 108 1835 sed
131 1794 234 1848 picis
258 1794 301 1835 in
325 1808 484 1836 morem
508 1794 561 1835 ad
585 1793 736 1849 digitos
761 1794 951 1836 lentescit
975 1794 1180 1837 habendo.
1405 1808 1469 1839 250

35 1857 176 1898 umida
199 1856 376 1898 maiores
400 1856 550 1898 herbas
575 1857 660 1904 alit,
685 1857 858 1911 ipsaque
882 1857 991 1898 iusto

34 1918 190 1960 laetior.
239 1919 291 1960 ah
315 1919 491 1960 nimium
515 1933 567 1960 ne
593 1919 646 1959 sit
669 1919 770 1959 mihi
795 1919 940 1960 fertilis
965 1920 1036 1961 illa

33 1996 116 2023 neu
140 1997 183 2024 se
206 1981 488 2036 praevalidam
511 1981 653 2036 primis
678 1981 870 2023 ostendat
894 1981 1045 2023 aristis!

34 2057 141 2097 quae
164 2044 302 2099 gravis
327 2051 400 2093 est,
425 2044 514 2098 ipso
539 2043 707 2085 tacitam
733 2059 776 2085 se
801 2044 984 2099 pondere
1007 2043 1157 2099 prodit,

33 2120 221 2159 quaeque
245 2106 360 2148 levis.
407 2113 648 2161 promptum
673 2113 735 2147 est
758 2106 887 2147 oculis
911 2107 1171 2161 praediscere
1200 2106 1375 2163 nigram,
1403 2120 1465 2150 255

34 2175 75 2209 et
97 2169 189 2221 quis
214 2169 280 2209 cui
304 2169 426 2210 color.
453 2175 495 2209 at
518 2168 763 2209 sceleratum
788 2168 1004 2222 exquirere
1028 2169 1161 2224 frigus

34 2230 200 2272 difficile
226 2238 304 2272 est:
329 2230 472 2286 piceae
497 2237 657 2271 tantum
682 2230 850 2284 taxique
875 2238 1071 2273 nocentes

32 2292 239 2334 interdum
264 2300 336 2334 aut
358 2293 537 2335 hederae
561 2293 751 2347 pandunt
774 2293 950 2348 vestigia
973 2293 1130 2349 nigrae.

88 2356 168 2396 His
194 2355 489 2397 animadversis
514 2364 666 2396 terram
689 2355 819 2396 multo
844 2363 938 2397 ante
963 2363 1171 2397 memento

34 2431 264 2471 excoquere
290 2424 330 2459 et
352 2432 526 2473 magnos
554 2417 770 2458 scrobibus
796 2417 1011 2459 concidere
1036 2419 1200 2468 montis,
1401 2430 1466 2461 260

34 2481 128 2515 ante
153 2473 364 2528 supinatas
390 2474 572 2527 aquiloni
599 2474 815 2515 ostendere
840 2475 1025 2529 glaebas,

33 2549 158 2589 quam
181 2535 337 2577 laetum
361 2535 539 2576 infodias
564 2536 657 2576 vitis
682 2550 829 2590 genus.
877 2537 1033 2590 optima
1056 2536 1169 2591 putri

33 2613 132 2639 arva
157 2597 263 2638 solo:
289 2597 332 2638 id
355 2598 467 2639 venti
491 2605 637 2640 curant
661 2598 908 2654 gelidaeque
933 2599 1106 2653 pruinae

103 2664 231 2699 Verffl‘lius
254 2666 295 2692 ed.
310 2666 393 2695 Thilo.
1128 2664 1151 2699 4
