1660 2847
497 159 749 198 AENEIDOS
773 159 870 196 LIB.
895 159 943 195 X.
1312 149 1393 192 287

54 271 149 322 ‘per
173 265 300 321 patris
324 263 549 319 hospitium
575 271 616 307 et
639 279 816 313 mensas,
842 278 945 317 quas
971 263 1131 306 advena
1156 263 1289 313 adisti,

54 335 95 369 te
118 342 277 383 precor,
302 326 464 376 Alcide,
490 327 645 383 coeptis
668 326 908 382 ingentibus
933 326 1055 368 adsis.

56 398 197 432 cernat
219 388 412 432 semineci
436 388 516 430 sibi
539 404 606 431 me
630 404 775 444 rapere
800 404 916 430 arma
941 394 1112 430 cruenta

55 452 335 505 victoremque
359 450 496 493 ferant
518 451 738 493 morientia
760 450 919 492 lumina
943 450 1102 491 Turni.'

57 514 186 556 audiit
208 512 378 554 Alcides
402 513 596 555 iuvenem
621 527 906 569 magnumque
932 512 1009 553 sub
1034 512 1118 553 imo

57 577 178 618 corde
201 575 349 630 premit
373 575 574 630 gemitum
598 576 875 630 lacrimasque
900 575 1078 616 effundit
1100 573 1249 617 inanis.

56 645 144 680 tum
168 637 331 693 genitor
353 645 497 679 natum
523 638 642 679 dictis
668 638 834 679 adfatur
858 637 1020 678 amicis:

57 705 156 742 ‘stat
179 715 255 741 sua
279 699 428 754 cuique
455 701 556 750 dies,
581 701 708 742 breve
734 708 775 742 et
797 699 1072 754 inreparabile
1098 706 1261 755 tempus

56 761 247 803 omnibus
273 768 336 804 est
359 762 488 812 vitae3
518 762 591 804 sed
615 763 771 803 famam
796 762 1018 804 extendere
1043 761 1178 810 factis,

55 823 134 865 hoc
157 823 320 865 virtutis
344 838 462 879 opus.
509 824 661 866 Troiae
687 824 764 866 sub
788 824 1007 865 moenibus
1035 823 1127 865 altis

55 892 118 927 tot
140 886 256 941 gnati
282 886 468 928 cecidere
494 886 631 936 deum,
656 886 758 941 quin
782 886 934 927 occidit
957 901 1041 927 una

57 946 287 1002 Sarpedon,
313 963 406 990 mea
430 949 664 1004 progenies,
714 948 838 990 etiam
864 964 940 990 sua
964 948 1155 989 Turnum

55 1010 143 1051 fata
168 1017 318 1052 vocant
341 1017 557 1065 metasque
583 1010 667 1052 dati
692 1010 881 1066 pervenit
904 1010 957 1051 ad
982 1010 1100 1051 aevi.'

57 1071 115 1114 sic
140 1072 197 1113 ait
221 1080 345 1126 atque
370 1073 511 1114 oculos
537 1074 789 1114 Rutulorum
813 1072 929 1114 reicit
954 1072 1077 1114 arvis.

57 1141 100 1176 at
121 1134 262 1176 Pallas
287 1135 448 1190 magnis
475 1135 623 1177 emittit
647 1136 803 1176 viribus
830 1135 993 1175 hastam

56 1197 292 1252 vaginaque
317 1212 420 1239 cava
444 1198 673 1252 fulgentem
700 1198 849 1252 deripit
874 1212 1029 1238 ensem.

55 1260 126 1301 illa
151 1260 306 1309 volans,
332 1260 465 1301 umeri
489 1267 666 1316 surgunt
690 1274 773 1313 qua
798 1259 983 1314 tegmina
1008 1274 1182 1308 summa,

55 1321 200 1362 incidit
224 1329 347 1375 atque
372 1322 482 1363 viam
507 1322 629 1377 clipei
653 1322 795 1363 molita
818 1337 893 1376 per
917 1336 1010 1362 oras

56 1383 224 1424 tandem
249 1384 372 1425 etiam
396 1398 548 1438 magno
574 1383 737 1425 strinxit
762 1384 812 1425 de
837 1398 1009 1438 corpore
1033 1382 1179 1423 Turni.

56 1444 124 1486 hic
149 1445 316 1487 Turnus
341 1446 451 1487 ferro
477 1446 708 1500 praefixum
732 1445 859 1486 robur
883 1452 1005 1487 acuto

56 1507 100 1548 in
123 1506 318 1549 Pallanta
344 1508 414 1548 diu
438 1508 593 1549 librans
617 1508 715 1549 iacit
739 1515 862 1562 atque
887 1508 944 1548 ita
968 1507 1098 1548 fatur:

59 1569 229 1624 ‘aspice,
255 1585 356 1610 num
380 1585 503 1624 mage
529 1570 582 1612 sit
604 1577 791 1611 nostrum
815 1569 1072 1625 penetrabile
1098 1568 1253 1610 telum.’

59 1631 236 1681 dixerat3
263 1639 305 1673 at
329 1632 520 1687 clipeum,
547 1639 606 1674 tot
631 1632 729 1674 ferri
754 1639 885 1687 terga,
910 1638 971 1673 tot
995 1631 1115 1681 aeris,

58 1708 182 1748 quem
206 1694 325 1748 pellis
350 1695 497 1736 totiens
523 1694 645 1736 obeat
669 1695 924 1736 circumdata
947 1694 1068 1743 tauri,

57 1756 237 1797 vibranti
261 1757 398 1812 cuspis
423 1757 606 1798 medium
631 1756 938 1798 transverberat
962 1757 1047 1797 ictu

57 1819 292 1872 loricaeque
316 1834 451 1860 moras
477 1826 517 1861 et
540 1827 684 1874 pectus
709 1819 893 1874 perforat
916 1820 1079 1874 ingens.

58 1881 126 1922 ille
150 1881 258 1936 rapit
283 1882 463 1923 calidum
488 1882 642 1923 frustra
666 1882 717 1923 de
743 1882 914 1924 vulnere
940 1882 1087 1924 telum:

58 1958 142 1984 una
166 1943 394 1996 eademque
418 1943 486 1984 via
511 1943 679 1997 sanguis
705 1943 950 1997 animusque
975 1949 1218 1996 sequuntur.

0 2053 1 2059 ἵ
60 2005 213 2046 corruit
235 2005 278 2045 in
303 2005 452 2046 vulnus
478 2005 675 2057 (sonitum
699 2020 824 2060 super
848 2020 964 2046 arma
988 2004 1156 2058 dedere)

0 2070 1 2075 ’
61 2075 100 2110 et
124 2075 276 2109 terram
299 2067 489 2109 hostilem
513 2068 694 2109 moriens
718 2068 822 2123 petit
845 2082 916 2109 ore
939 2075 1122 2109 cruento.

60 2144 185 2184 quem
209 2130 377 2171 Turnus
404 2144 528 2185 super
552 2130 756 2172 adsistens

0 2186 1 2189 ¹
61 2192 283 2242 ‘Arcades,
309 2193 430 2234 haec’
456 2193 591 2246 inquit
617 2198 839 2235 ‘memores
863 2208 957 2235 mea
981 2192 1091 2234 dicta
1115 2191 1266 2234 referte

60 2253 277 2296 Euandro:
303 2255 469 2309 qualem
494 2255 657 2305 meruit,
680 2255 875 2297 Pallanta
898 2255 1074 2297 remitto.

61 2317 246 2371 quisquis
271 2316 401 2358 honos
426 2318 588 2367 tumuli,
614 2318 816 2372 quidquid
841 2318 1026 2359 solamen
1049 2316 1250 2359 humandi
1275 2323 1349 2366 est,

59 2379 226 2434 largior.
274 2379 386 2420 haud
410 2380 469 2420 illi
494 2380 663 2421 stabunt
685 2380 848 2422 Aeneia
871 2394 1001 2435 parvo

60 2440 265 2496 hospitia.’
314 2449 355 2483 et
376 2441 495 2484 laevo
520 2442 670 2497 pressit
693 2442 798 2497 pede
823 2442 921 2484 talia
945 2442 1056 2484 fatus

61 2503 307 2553 exanimem,
333 2505 496 2559 rapiens
520 2505 702 2546 inmania
725 2505 910 2560 pondera
934 2503 1061 2546 baltei

61 2565 376 2620 inpressumque
399 2567 535 2608 nefas:
562 2583 646 2608 una
671 2567 748 2609 sub
772 2575 892 2609 nocte
916 2565 1045 2621 iugali

63 2641 183 2670 caesa
206 2642 352 2670 manus
377 2629 574 2672 iuvenum
599 2630 720 2672 foede
745 2630 998 2684 thalamique
1024 2628 1198 2678 cruenti,

1424 338 1489 369 460

1427 647 1490 678 465

1426 960 1492 990 470

1427 1270 1492 1301 475

1426 1582 1493 1613 480

1428 2202 1494 2233 490

1429 2515 1492 2546 495
