<?xml version="1.0" encoding="UTF-8"?>
<!DOCTYPE html PUBLIC "-//W3C//DTD XHTML 1.0 Transitional//EN"
    "http://www.w3.org/TR/xhtml1/DTD/xhtml1-transitional.dtd">
<html xmlns="http://www.w3.org/1999/xhtml" xml:lang="en" lang="en">
 <head>
  <title>
</title>
<meta http-equiv="Content-Type" content="text/html;charset=utf-8" />
  <meta name='ocr-system' content='tesseract 3.04.00' />
  <meta name='ocr-capabilities' content='ocr_page ocr_carea ocr_par ocr_line ocrx_word'/>
</head>
<body>
  <div class='ocr_page' id='page_1' title='image "./carmina00virguoft_0145.png"; bbox 0 0 1622 2847; ppageno 0'>
   <div class='ocr_carea' id='block_1_1' title="bbox 0 153 2 204">
    <p class='ocr_par' dir='ltr' id='par_1_1' title="bbox 0 153 2 204">
     <span class='ocr_line' id='line_1_1' title="bbox 0 153 1 165; baseline 0 0"><span class='ocrx_word' id='word_1_1' title='bbox 0 153 1 165; x_wconf 48' lang='grc' dir='ltr'>η</span> 
     </span>
     <span class='ocr_line' id='line_1_2' title="bbox 0 181 2 204; baseline 0 0"><span class='ocrx_word' id='word_1_2' title='bbox 0 181 2 204; x_wconf 67' lang='lat' dir='ltr'>l</span> 
     </span>
    </p>
   </div>
   <div class='ocr_carea' id='block_1_2' title="bbox 464 157 968 208">
    <p class='ocr_par' dir='ltr' id='par_1_2' title="bbox 464 157 968 208">
     <span class='ocr_line' id='line_1_3' title="bbox 464 157 968 208; baseline 0.004 -2"><span class='ocrx_word' id='word_1_3' title='bbox 464 157 758 208; x_wconf 78' lang='lat' dir='ltr'>GEORGICON</span> <span class='ocrx_word' id='word_1_4' title='bbox 780 171 877 206; x_wconf 74' lang='lat' dir='ltr'>Lis.</span> <span class='ocrx_word' id='word_1_5' title='bbox 902 172 968 208; x_wconf 81' lang='lat' dir='ltr'>lv.</span> 
     </span>
    </p>
   </div>
   <div class='ocr_carea' id='block_1_3' title="bbox 43 274 1060 332">
    <p class='ocr_par' dir='ltr' id='par_1_3' title="bbox 43 274 1060 332">
     <span class='ocr_line' id='line_1_4' title="bbox 43 274 1060 332; baseline 0.001 -15"><span class='ocrx_word' id='word_1_6' title='bbox 43 281 168 330; x_wconf 86' lang='lat' dir='ltr'>atque</span> <span class='ocrx_word' id='word_1_7' title='bbox 192 275 365 332; x_wconf 83' lang='lat' dir='ltr'><strong>Ephyre</strong></span> <span class='ocrx_word' id='word_1_8' title='bbox 390 282 516 330; x_wconf 89' lang='lat' dir='ltr'>atque</span> <span class='ocrx_word' id='word_1_9' title='bbox 542 274 649 331; x_wconf 86' lang='lat' dir='ltr'>Opis</span> <span class='ocrx_word' id='word_1_10' title='bbox 674 283 715 318; x_wconf 91' lang='lat' dir='ltr'>et</span> <span class='ocrx_word' id='word_1_11' title='bbox 738 276 843 317; x_wconf 88' lang='lat' dir='ltr'>Asia</span> <span class='ocrx_word' id='word_1_12' title='bbox 867 275 1060 331; x_wconf 84' lang='lat' dir='ltr'>Deiopea</span> 
     </span>
    </p>
   </div>
   <div class='ocr_carea' id='block_1_4' title="bbox 0 337 1026 394">
    <p class='ocr_par' dir='ltr' id='par_1_4' title="bbox 0 337 1026 394">
     <span class='ocr_line' id='line_1_5' title="bbox 0 337 1026 394; baseline -0.003 -12"><span class='ocrx_word' id='word_1_13' title='bbox 0 379 1 382; x_wconf 75' lang='grc'>,</span> <span class='ocrx_word' id='word_1_14' title='bbox 44 345 84 380; x_wconf 86' lang='lat' dir='ltr'>et</span> <span class='ocrx_word' id='word_1_15' title='bbox 109 339 275 380; x_wconf 86' lang='lat' dir='ltr'>tandem</span> <span class='ocrx_word' id='word_1_16' title='bbox 299 337 444 394; x_wconf 90' lang='lat' dir='ltr'>positis</span> <span class='ocrx_word' id='word_1_17' title='bbox 468 338 590 379; x_wconf 80' lang='lat' dir='ltr'>velox</span> <span class='ocrx_word' id='word_1_18' title='bbox 616 338 830 380; x_wconf 82' lang='lat' dir='ltr'><strong>Arethusa</strong></span> <span class='ocrx_word' id='word_1_19' title='bbox 854 338 1026 393; x_wconf 76' lang='lat' dir='ltr'>sagittis.</span> 
     </span>
    </p>
   </div>
   <div class='ocr_carea' id='block_1_5' title="bbox 36 398 1207 2636">
    <p class='ocr_par' dir='ltr' id='par_1_5' title="bbox 42 398 1080 516">
     <span class='ocr_line' id='line_1_6' title="bbox 42 398 1080 455; baseline 0.001 -15"><span class='ocrx_word' id='word_1_20' title='bbox 42 400 150 442; x_wconf 86' lang='lat' dir='ltr'>inter</span> <span class='ocrx_word' id='word_1_21' title='bbox 174 415 276 455; x_wconf 91' lang='lat' dir='ltr'>quas</span> <span class='ocrx_word' id='word_1_22' title='bbox 301 415 443 442; x_wconf 86' lang='lat' dir='ltr'>curam</span> <span class='ocrx_word' id='word_1_23' title='bbox 470 398 672 454; x_wconf 84' lang='lat' dir='ltr'>Clymene</span> <span class='ocrx_word' id='word_1_24' title='bbox 696 401 893 441; x_wconf 86' lang='lat' dir='ltr'>narrabat</span> <span class='ocrx_word' id='word_1_25' title='bbox 916 401 1080 442; x_wconf 86' lang='lat' dir='ltr'>inanem</span> 
     </span>
     <span class='ocr_line' id='line_1_7' title="bbox 42 462 996 516; baseline -0.001 -12"><span class='ocrx_word' id='word_1_26' title='bbox 42 462 219 504; x_wconf 84' lang='lat' dir='ltr'>Volcani</span> <span class='ocrx_word' id='word_1_27' title='bbox 243 462 478 516; x_wconf 81' lang='lat' dir='ltr'>Martisque</span> <span class='ocrx_word' id='word_1_28' title='bbox 504 462 619 503; x_wconf 90' lang='lat' dir='ltr'>dolos</span> <span class='ocrx_word' id='word_1_29' title='bbox 646 470 687 504; x_wconf 88' lang='lat' dir='ltr'>et</span> <span class='ocrx_word' id='word_1_30' title='bbox 711 463 849 504; x_wconf 89' lang='lat' dir='ltr'>dulcia</span> <span class='ocrx_word' id='word_1_31' title='bbox 873 463 996 512; x_wconf 81' lang='lat' dir='ltr'>furta,</span> 
     </span>
    </p>

    <p class='ocr_par' dir='ltr' id='par_1_6' title="bbox 42 523 1103 703">
     <span class='ocr_line' id='line_1_8' title="bbox 42 523 1103 578; baseline 0.001 -13"><span class='ocrx_word' id='word_1_32' title='bbox 42 538 148 578; x_wconf 89' lang='lat' dir='ltr'>aque</span> <span class='ocrx_word' id='word_1_33' title='bbox 176 523 293 566; x_wconf 89' lang='lat' dir='ltr'>Chao</span> <span class='ocrx_word' id='word_1_34' title='bbox 319 524 467 566; x_wconf 85' lang='lat' dir='ltr'>densos</span> <span class='ocrx_word' id='word_1_35' title='bbox 493 524 633 565; x_wconf 88' lang='lat' dir='ltr'>divom</span> <span class='ocrx_word' id='word_1_36' title='bbox 658 525 904 566; x_wconf 84' lang='lat' dir='ltr'>numerabat</span> <span class='ocrx_word' id='word_1_37' title='bbox 930 540 1103 567; x_wconf 90' lang='lat' dir='ltr'>amores.</span> 
     </span>
     <span class='ocr_line' id='line_1_9' title="bbox 42 586 1077 642; baseline 0.001 -15"><span class='ocrx_word' id='word_1_38' title='bbox 42 587 224 628; x_wconf 86' lang='lat' dir='ltr'>carmine</span> <span class='ocrx_word' id='word_1_39' title='bbox 249 601 330 641; x_wconf 89' lang='lat' dir='ltr'>quo</span> <span class='ocrx_word' id='word_1_40' title='bbox 357 594 503 641; x_wconf 84' lang='lat' dir='ltr'>captae</span> <span class='ocrx_word' id='word_1_41' title='bbox 529 586 628 627; x_wconf 87' lang='lat' dir='ltr'>dum</span> <span class='ocrx_word' id='word_1_42' title='bbox 653 587 756 628; x_wconf 89' lang='lat' dir='ltr'>fusis</span> <span class='ocrx_word' id='word_1_43' title='bbox 781 587 922 628; x_wconf 88' lang='lat' dir='ltr'>mollia</span> <span class='ocrx_word' id='word_1_44' title='bbox 945 602 1077 642; x_wconf 85' lang='lat' dir='ltr'>pensa</span> 
     </span>
     <span class='ocr_line' id='line_1_10' title="bbox 43 648 1014 703; baseline 0.001 -14"><span class='ocrx_word' id='word_1_45' title='bbox 43 648 280 697; x_wconf 81' lang='lat' dir='ltr'>devolvunt,</span> <span class='ocrx_word' id='word_1_46' title='bbox 306 649 454 689; x_wconf 86' lang='lat' dir='ltr'>iterum</span> <span class='ocrx_word' id='word_1_47' title='bbox 480 656 689 690; x_wconf 77' lang='lat' dir='ltr'>maternas</span> <span class='ocrx_word' id='word_1_48' title='bbox 714 649 878 703; x_wconf 82' lang='lat' dir='ltr'>impulit</span> <span class='ocrx_word' id='word_1_49' title='bbox 903 649 1014 690; x_wconf 85' lang='lat' dir='ltr'>auris</span> 
     </span>
    </p>

    <p class='ocr_par' dir='ltr' id='par_1_7' title="bbox 39 710 1179 1014">
     <span class='ocr_line' id='line_1_11' title="bbox 40 710 1041 764; baseline 0.001 -13"><span class='ocrx_word' id='word_1_50' title='bbox 40 710 176 752; x_wconf 91' lang='lat' dir='ltr'>luctus</span> <span class='ocrx_word' id='word_1_51' title='bbox 202 711 398 760; x_wconf 82' lang='lat' dir='ltr'>Aristaei,</span> <span class='ocrx_word' id='word_1_52' title='bbox 424 711 647 764; x_wconf 83' lang='lat' dir='ltr'>vitreisque</span> <span class='ocrx_word' id='word_1_53' title='bbox 673 711 873 753; x_wconf 85' lang='lat' dir='ltr'>sedilibus</span> <span class='ocrx_word' id='word_1_54' title='bbox 898 726 1041 753; x_wconf 90' lang='lat' dir='ltr'>omnes</span> 
     </span>
     <span class='ocr_line' id='line_1_12' title="bbox 40 772 1064 828; baseline 0 -14"><span class='ocrx_word' id='word_1_55' title='bbox 40 772 294 828; x_wconf 84' lang='lat' dir='ltr'>obstipuere3</span> <span class='ocrx_word' id='word_1_56' title='bbox 321 773 395 815; x_wconf 87' lang='lat' dir='ltr'>sed</span> <span class='ocrx_word' id='word_1_57' title='bbox 419 780 513 814; x_wconf 88' lang='lat' dir='ltr'>ante</span> <span class='ocrx_word' id='word_1_58' title='bbox 538 773 640 814; x_wconf 86' lang='lat' dir='ltr'>alias</span> <span class='ocrx_word' id='word_1_59' title='bbox 664 773 879 815; x_wconf 79' lang='lat' dir='ltr'>Arethusa</span> <span class='ocrx_word' id='word_1_60' title='bbox 904 789 1064 815; x_wconf 86' lang='lat' dir='ltr'>sorores</span> 
     </span>
     <span class='ocr_line' id='line_1_13' title="bbox 39 835 1124 891; baseline 0 -15"><span class='ocrx_word' id='word_1_61' title='bbox 39 835 293 890; x_wconf 78' lang='lat' dir='ltr'>prospiciens</span> <span class='ocrx_word' id='word_1_62' title='bbox 321 851 484 876; x_wconf 87' lang='lat' dir='ltr'>summa</span> <span class='ocrx_word' id='word_1_63' title='bbox 508 835 662 876; x_wconf 84' lang='lat' dir='ltr'>flavum</span> <span class='ocrx_word' id='word_1_64' title='bbox 689 843 814 891; x_wconf 90' lang='lat' dir='ltr'>caput</span> <span class='ocrx_word' id='word_1_65' title='bbox 839 836 987 877; x_wconf 80' lang='lat' dir='ltr'>extulit</span> <span class='ocrx_word' id='word_1_66' title='bbox 1012 835 1124 877; x_wconf 82' lang='lat' dir='ltr'>unda</span> 
     </span>
     <span class='ocr_line' id='line_1_14' title="bbox 40 898 1179 953; baseline 0 -15"><span class='ocrx_word' id='word_1_67' title='bbox 40 904 80 939; x_wconf 91' lang='lat' dir='ltr'>et</span> <span class='ocrx_word' id='word_1_68' title='bbox 104 898 267 952; x_wconf 90' lang='lat' dir='ltr'>procul:</span> <span class='ocrx_word' id='word_1_69' title='bbox 293 902 336 938; x_wconf 88' lang='lat' dir='ltr'>‘o</span> <span class='ocrx_word' id='word_1_70' title='bbox 359 898 520 953; x_wconf 89' lang='lat' dir='ltr'>gemitu</span> <span class='ocrx_word' id='word_1_71' title='bbox 543 913 628 939; x_wconf 87' lang='lat' dir='ltr'>non</span> <span class='ocrx_word' id='word_1_72' title='bbox 652 898 805 939; x_wconf 86' lang='lat' dir='ltr'>frustra</span> <span class='ocrx_word' id='word_1_73' title='bbox 831 898 1026 940; x_wconf 86' lang='lat' dir='ltr'>exterrita</span> <span class='ocrx_word' id='word_1_74' title='bbox 1051 905 1179 947; x_wconf 86' lang='lat' dir='ltr'>tanto,</span> 
     </span>
     <span class='ocr_line' id='line_1_15' title="bbox 41 958 1027 1014; baseline 0 -13"><span class='ocrx_word' id='word_1_75' title='bbox 41 958 207 1014; x_wconf 85' lang='lat' dir='ltr'>Cyrene</span> <span class='ocrx_word' id='word_1_76' title='bbox 231 974 358 1009; x_wconf 87' lang='lat' dir='ltr'>soror,</span> <span class='ocrx_word' id='word_1_77' title='bbox 384 960 472 1014; x_wconf 88' lang='lat' dir='ltr'>ipse</span> <span class='ocrx_word' id='word_1_78' title='bbox 497 960 585 1009; x_wconf 87' lang='lat' dir='ltr'>tibi,</span> <span class='ocrx_word' id='word_1_79' title='bbox 612 967 682 1001; x_wconf 86' lang='lat' dir='ltr'>tua</span> <span class='ocrx_word' id='word_1_80' title='bbox 707 960 890 1001; x_wconf 84' lang='lat' dir='ltr'>maxima</span> <span class='ocrx_word' id='word_1_81' title='bbox 915 975 1027 1010; x_wconf 87' lang='lat' dir='ltr'>cura,</span> 
     </span>
    </p>

    <p class='ocr_par' dir='ltr' id='par_1_8' title="bbox 38 1022 1046 1077">
     <span class='ocr_line' id='line_1_16' title="bbox 38 1022 1046 1077; baseline 0.002 -15"><span class='ocrx_word' id='word_1_82' title='bbox 38 1022 164 1063; x_wconf 88' lang='lat' dir='ltr'>tristis</span> <span class='ocrx_word' id='word_1_83' title='bbox 189 1023 408 1064; x_wconf 78' lang='lat' dir='ltr'>Aristaeus</span> <span class='ocrx_word' id='word_1_84' title='bbox 432 1022 564 1064; x_wconf 88' lang='lat' dir='ltr'>Penei</span> <span class='ocrx_word' id='word_1_85' title='bbox 588 1023 785 1077; x_wconf 80' lang='lat' dir='ltr'>genitoris</span> <span class='ocrx_word' id='word_1_86' title='bbox 812 1023 864 1063; x_wconf 90' lang='lat' dir='ltr'>ad</span> <span class='ocrx_word' id='word_1_87' title='bbox 889 1023 1046 1064; x_wconf 89' lang='lat' dir='ltr'>undam</span> 
     </span>
    </p>

    <p class='ocr_par' dir='ltr' id='par_1_9' title="bbox 36 1085 1207 2013">
     <span class='ocr_line' id='line_1_17' title="bbox 39 1085 1075 1127; baseline 0.001 -2"><span class='ocrx_word' id='word_1_88' title='bbox 39 1091 120 1125; x_wconf 90' lang='lat' dir='ltr'>stat</span> <span class='ocrx_word' id='word_1_89' title='bbox 144 1085 364 1126; x_wconf 87' lang='lat' dir='ltr'>lacrimans</span> <span class='ocrx_word' id='word_1_90' title='bbox 391 1092 429 1126; x_wconf 85' lang='lat' dir='ltr'>et</span> <span class='ocrx_word' id='word_1_91' title='bbox 456 1092 496 1126; x_wconf 91' lang='lat' dir='ltr'>te</span> <span class='ocrx_word' id='word_1_92' title='bbox 521 1085 733 1126; x_wconf 83' lang='lat' dir='ltr'>crudelem</span> <span class='ocrx_word' id='word_1_93' title='bbox 757 1085 925 1127; x_wconf 89' lang='lat' dir='ltr'>nomine</span> <span class='ocrx_word' id='word_1_94' title='bbox 951 1085 1075 1126; x_wconf 62' lang='lat' dir='ltr'>dicit?</span> 
     </span>
     <span class='ocr_line' id='line_1_18' title="bbox 37 1147 1097 1202; baseline 0.001 -15"><span class='ocrx_word' id='word_1_95' title='bbox 37 1147 135 1188; x_wconf 92' lang='lat' dir='ltr'>huic</span> <span class='ocrx_word' id='word_1_96' title='bbox 158 1162 355 1202; x_wconf 87' lang='lat' dir='ltr'>percussa</span> <span class='ocrx_word' id='word_1_97' title='bbox 379 1161 488 1188; x_wconf 86' lang='lat' dir='ltr'>nova</span> <span class='ocrx_word' id='word_1_98' title='bbox 512 1155 694 1188; x_wconf 89' lang='lat' dir='ltr'>mentem</span> <span class='ocrx_word' id='word_1_99' title='bbox 718 1147 941 1189; x_wconf 86' lang='lat' dir='ltr'>formidine</span> <span class='ocrx_word' id='word_1_100' title='bbox 966 1155 1097 1189; x_wconf 85' lang='lat' dir='ltr'>mater</span> 
     </span>
     <span class='ocr_line' id='line_1_19' title="bbox 39 1209 1078 1265; baseline 0.001 -15"><span class='ocrx_word' id='word_1_101' title='bbox 39 1209 152 1259; x_wconf 89' lang='lat' dir='ltr'>‘duc,</span> <span class='ocrx_word' id='word_1_102' title='bbox 179 1225 270 1265; x_wconf 75' lang='lat' dir='ltr'>age,</span> <span class='ocrx_word' id='word_1_103' title='bbox 297 1209 376 1250; x_wconf 89' lang='lat' dir='ltr'>duc</span> <span class='ocrx_word' id='word_1_104' title='bbox 402 1209 453 1250; x_wconf 82' lang='lat' dir='ltr'>ad</span> <span class='ocrx_word' id='word_1_105' title='bbox 478 1224 572 1258; x_wconf 83' lang='lat' dir='ltr'>nos3</span> <span class='ocrx_word' id='word_1_106' title='bbox 599 1209 662 1251; x_wconf 89' lang='lat' dir='ltr'>fas</span> <span class='ocrx_word' id='word_1_107' title='bbox 686 1209 746 1250; x_wconf 87' lang='lat' dir='ltr'>illi</span> <span class='ocrx_word' id='word_1_108' title='bbox 770 1209 914 1251; x_wconf 83' lang='lat' dir='ltr'>limina</span> <span class='ocrx_word' id='word_1_109' title='bbox 939 1210 1078 1251; x_wconf 90' lang='lat' dir='ltr'>divom</span> 
     </span>
     <span class='ocr_line' id='line_1_20' title="bbox 38 1271 1079 1327; baseline 0 -14"><span class='ocrx_word' id='word_1_110' title='bbox 38 1272 227 1327; x_wconf 86' lang='lat' dir='ltr'>tangere&#39;</span> <span class='ocrx_word' id='word_1_111' title='bbox 254 1271 329 1312; x_wconf 86' lang='lat' dir='ltr'>ait:</span> <span class='ocrx_word' id='word_1_112' title='bbox 364 1272 488 1313; x_wconf 88' lang='lat' dir='ltr'>simul</span> <span class='ocrx_word' id='word_1_113' title='bbox 512 1271 596 1313; x_wconf 85' lang='lat' dir='ltr'>alta</span> <span class='ocrx_word' id='word_1_114' title='bbox 620 1271 735 1313; x_wconf 84' lang='lat' dir='ltr'>iubet</span> <span class='ocrx_word' id='word_1_115' title='bbox 761 1272 972 1314; x_wconf 85' lang='lat' dir='ltr'>discedere</span> <span class='ocrx_word' id='word_1_116' title='bbox 997 1273 1079 1313; x_wconf 87' lang='lat' dir='ltr'>late</span> 
     </span>
     <span class='ocr_line' id='line_1_21' title="bbox 37 1334 1139 1389; baseline -0.001 -13"><span class='ocrx_word' id='word_1_117' title='bbox 37 1334 219 1384; x_wconf 86' lang='lat' dir='ltr'>flumina,</span> <span class='ocrx_word' id='word_1_118' title='bbox 245 1349 328 1389; x_wconf 90' lang='lat' dir='ltr'>qua</span> <span class='ocrx_word' id='word_1_119' title='bbox 351 1334 511 1375; x_wconf 91' lang='lat' dir='ltr'>iuvenis</span> <span class='ocrx_word' id='word_1_120' title='bbox 536 1349 703 1388; x_wconf 84' lang='lat' dir='ltr'>gressus</span> <span class='ocrx_word' id='word_1_121' title='bbox 728 1334 910 1376; x_wconf 76' lang='lat' dir='ltr'>inferret.</span> <span class='ocrx_word' id='word_1_122' title='bbox 958 1342 998 1376; x_wconf 86' lang='lat' dir='ltr'>at</span> <span class='ocrx_word' id='word_1_123' title='bbox 1023 1335 1139 1376; x_wconf 88' lang='lat' dir='ltr'>illum</span> 
     </span>
     <span class='ocr_line' id='line_1_22' title="bbox 38 1396 1060 1438; baseline 0 0"><span class='ocrx_word' id='word_1_124' title='bbox 38 1404 210 1438; x_wconf 88' lang='lat' dir='ltr'>curvata</span> <span class='ocrx_word' id='word_1_125' title='bbox 232 1397 275 1437; x_wconf 90' lang='lat' dir='ltr'>in</span> <span class='ocrx_word' id='word_1_126' title='bbox 299 1397 450 1438; x_wconf 89' lang='lat' dir='ltr'>montis</span> <span class='ocrx_word' id='word_1_127' title='bbox 476 1396 627 1437; x_wconf 87' lang='lat' dir='ltr'>faciem</span> <span class='ocrx_word' id='word_1_128' title='bbox 653 1396 924 1438; x_wconf 81' lang='lat' dir='ltr'>circumstetit</span> <span class='ocrx_word' id='word_1_129' title='bbox 948 1397 1060 1438; x_wconf 82' lang='lat' dir='ltr'>unda</span> 
     </span>
     <span class='ocr_line' id='line_1_23' title="bbox 38 1458 1068 1514; baseline -0.001 -13"><span class='ocrx_word' id='word_1_130' title='bbox 38 1459 280 1514; x_wconf 85' lang='lat' dir='ltr'>accepitque</span> <span class='ocrx_word' id='word_1_131' title='bbox 306 1459 399 1500; x_wconf 90' lang='lat' dir='ltr'>sinu</span> <span class='ocrx_word' id='word_1_132' title='bbox 423 1466 542 1500; x_wconf 88' lang='lat' dir='ltr'>vasto</span> <span class='ocrx_word' id='word_1_133' title='bbox 567 1458 761 1513; x_wconf 89' lang='lat' dir='ltr'>misitque</span> <span class='ocrx_word' id='word_1_134' title='bbox 787 1459 864 1500; x_wconf 90' lang='lat' dir='ltr'>sub</span> <span class='ocrx_word' id='word_1_135' title='bbox 891 1474 1068 1500; x_wconf 87' lang='lat' dir='ltr'>amnem.</span> 
     </span>
     <span class='ocr_line' id='line_1_24' title="bbox 36 1521 1207 1578; baseline 0.001 -16"><span class='ocrx_word' id='word_1_136' title='bbox 36 1522 203 1576; x_wconf 84' lang='lat' dir='ltr'>iamque</span> <span class='ocrx_word' id='word_1_137' title='bbox 228 1521 397 1562; x_wconf 88' lang='lat' dir='ltr'>domum</span> <span class='ocrx_word' id='word_1_138' title='bbox 422 1522 575 1562; x_wconf 88' lang='lat' dir='ltr'>mirans</span> <span class='ocrx_word' id='word_1_139' title='bbox 600 1521 820 1576; x_wconf 88' lang='lat' dir='ltr'>genetricis</span> <span class='ocrx_word' id='word_1_140' title='bbox 847 1530 886 1563; x_wconf 89' lang='lat' dir='ltr'>et</span> <span class='ocrx_word' id='word_1_141' title='bbox 911 1522 1053 1563; x_wconf 86' lang='lat' dir='ltr'>umida</span> <span class='ocrx_word' id='word_1_142' title='bbox 1077 1537 1207 1578; x_wconf 85' lang='lat' dir='ltr'>regna</span> 
     </span>
     <span class='ocr_line' id='line_1_25' title="bbox 38 1584 1092 1639; baseline -0.001 -13"><span class='ocrx_word' id='word_1_143' title='bbox 38 1584 328 1639; x_wconf 86' lang='lat' dir='ltr'>speluncisque</span> <span class='ocrx_word' id='word_1_144' title='bbox 353 1585 468 1625; x_wconf 88' lang='lat' dir='ltr'>lacus</span> <span class='ocrx_word' id='word_1_145' title='bbox 494 1584 657 1625; x_wconf 88' lang='lat' dir='ltr'>clausos</span> <span class='ocrx_word' id='word_1_146' title='bbox 683 1584 882 1639; x_wconf 87' lang='lat' dir='ltr'>lucosque</span> <span class='ocrx_word' id='word_1_147' title='bbox 909 1584 1092 1625; x_wconf 85' lang='lat' dir='ltr'>sonantis</span> 
     </span>
     <span class='ocr_line' id='line_1_26' title="bbox 36 1646 1026 1702; baseline 0 -14"><span class='ocrx_word' id='word_1_148' title='bbox 36 1647 124 1688; x_wconf 81' lang='lat' dir='ltr'>ibat</span> <span class='ocrx_word' id='word_1_149' title='bbox 147 1654 188 1688; x_wconf 90' lang='lat' dir='ltr'>et</span> <span class='ocrx_word' id='word_1_150' title='bbox 211 1646 371 1702; x_wconf 90' lang='lat' dir='ltr'>ingenti</span> <span class='ocrx_word' id='word_1_151' title='bbox 396 1654 512 1687; x_wconf 87' lang='lat' dir='ltr'>motu</span> <span class='ocrx_word' id='word_1_152' title='bbox 537 1646 797 1701; x_wconf 89' lang='lat' dir='ltr'>stupefactus</span> <span class='ocrx_word' id='word_1_153' title='bbox 822 1661 1026 1701; x_wconf 86' lang='lat' dir='ltr'>aquarum</span> 
     </span>
     <span class='ocr_line' id='line_1_27' title="bbox 38 1708 992 1764; baseline 0 -14"><span class='ocrx_word' id='word_1_154' title='bbox 38 1709 175 1750; x_wconf 88' lang='lat' dir='ltr'>omnia</span> <span class='ocrx_word' id='word_1_155' title='bbox 199 1709 277 1750; x_wconf 88' lang='lat' dir='ltr'>sub</span> <span class='ocrx_word' id='word_1_156' title='bbox 302 1724 456 1764; x_wconf 87' lang='lat' dir='ltr'>magna</span> <span class='ocrx_word' id='word_1_157' title='bbox 479 1708 663 1750; x_wconf 88' lang='lat' dir='ltr'>labentia</span> <span class='ocrx_word' id='word_1_158' title='bbox 686 1709 858 1750; x_wconf 88' lang='lat' dir='ltr'>flumina</span> <span class='ocrx_word' id='word_1_159' title='bbox 882 1718 992 1751; x_wconf 87' lang='lat' dir='ltr'>terra</span> 
     </span>
     <span class='ocr_line' id='line_1_28' title="bbox 38 1771 1137 1827; baseline 0 -14"><span class='ocrx_word' id='word_1_160' title='bbox 38 1772 252 1827; x_wconf 86' lang='lat' dir='ltr'>spectabat</span> <span class='ocrx_word' id='word_1_161' title='bbox 276 1771 440 1812; x_wconf 79' lang='lat' dir='ltr'>diversa</span> <span class='ocrx_word' id='word_1_162' title='bbox 463 1771 578 1820; x_wconf 92' lang='lat' dir='ltr'>locis,</span> <span class='ocrx_word' id='word_1_163' title='bbox 603 1771 860 1826; x_wconf 87' lang='lat' dir='ltr'>Phasimque</span> <span class='ocrx_word' id='word_1_164' title='bbox 886 1772 1137 1827; x_wconf 88' lang='lat' dir='ltr'>Lycumque</span> 
     </span>
     <span class='ocr_line' id='line_1_29' title="bbox 39 1833 1197 1890; baseline 0 -15"><span class='ocrx_word' id='word_1_165' title='bbox 39 1842 79 1875; x_wconf 85' lang='lat' dir='ltr'>et</span> <span class='ocrx_word' id='word_1_166' title='bbox 102 1842 239 1889; x_wconf 89' lang='lat' dir='ltr'>caput,</span> <span class='ocrx_word' id='word_1_167' title='bbox 264 1834 376 1875; x_wconf 87' lang='lat' dir='ltr'>unde</span> <span class='ocrx_word' id='word_1_168' title='bbox 400 1833 507 1875; x_wconf 91' lang='lat' dir='ltr'>altus</span> <span class='ocrx_word' id='word_1_169' title='bbox 532 1834 711 1888; x_wconf 88' lang='lat' dir='ltr'>primum</span> <span class='ocrx_word' id='word_1_170' title='bbox 737 1849 780 1875; x_wconf 91' lang='lat' dir='ltr'>se</span> <span class='ocrx_word' id='word_1_171' title='bbox 807 1835 986 1890; x_wconf 87' lang='lat' dir='ltr'>erumpit.</span> <span class='ocrx_word' id='word_1_172' title='bbox 1011 1834 1197 1890; x_wconf 88' lang='lat' dir='ltr'>Enipeus</span> 
     </span>
     <span class='ocr_line' id='line_1_30' title="bbox 38 1896 1142 1951; baseline 0.001 -14"><span class='ocrx_word' id='word_1_173' title='bbox 38 1911 291 1950; x_wconf 85' lang='lat' dir='ltr'>saxosusque</span> <span class='ocrx_word' id='word_1_174' title='bbox 317 1911 468 1937; x_wconf 87' lang='lat' dir='ltr'>sonans</span> <span class='ocrx_word' id='word_1_175' title='bbox 492 1896 687 1950; x_wconf 87' lang='lat' dir='ltr'>Hypanis</span> <span class='ocrx_word' id='word_1_176' title='bbox 712 1896 948 1951; x_wconf 83' lang='lat' dir='ltr'>Mysusque</span> <span class='ocrx_word' id='word_1_177' title='bbox 975 1896 1142 1946; x_wconf 82' lang='lat' dir='ltr'>Caicus,</span> 
     </span>
     <span class='ocr_line' id='line_1_31' title="bbox 37 1958 1109 2013; baseline 0 -13"><span class='ocrx_word' id='word_1_178' title='bbox 37 1959 146 2000; x_wconf 84' lang='lat' dir='ltr'>unde</span> <span class='ocrx_word' id='word_1_179' title='bbox 171 1966 289 2013; x_wconf 83' lang='lat' dir='ltr'>pater</span> <span class='ocrx_word' id='word_1_180' title='bbox 314 1958 536 1999; x_wconf 87' lang='lat' dir='ltr'>Tiberinus</span> <span class='ocrx_word' id='word_1_181' title='bbox 562 1966 601 1999; x_wconf 91' lang='lat' dir='ltr'>et</span> <span class='ocrx_word' id='word_1_182' title='bbox 625 1958 736 2000; x_wconf 86' lang='lat' dir='ltr'>unde</span> <span class='ocrx_word' id='word_1_183' title='bbox 761 1959 930 2000; x_wconf 87' lang='lat' dir='ltr'>Aniena</span> <span class='ocrx_word' id='word_1_184' title='bbox 954 1959 1109 2001; x_wconf 87' lang='lat' dir='ltr'>fluenta</span> 
     </span>
    </p>

    <p class='ocr_par' dir='ltr' id='par_1_10' title="bbox 37 2020 1037 2138">
     <span class='ocr_line' id='line_1_32' title="bbox 38 2020 972 2076; baseline -0.001 -13"><span class='ocrx_word' id='word_1_185' title='bbox 38 2028 77 2063; x_wconf 91' lang='lat' dir='ltr'>et</span> <span class='ocrx_word' id='word_1_186' title='bbox 102 2021 268 2076; x_wconf 86' lang='lat' dir='ltr'>gemina</span> <span class='ocrx_word' id='word_1_187' title='bbox 293 2028 462 2061; x_wconf 84' lang='lat' dir='ltr'>auratus</span> <span class='ocrx_word' id='word_1_188' title='bbox 487 2020 650 2061; x_wconf 85' lang='lat' dir='ltr'>taurino</span> <span class='ocrx_word' id='word_1_189' title='bbox 676 2035 832 2062; x_wconf 88' lang='lat' dir='ltr'>cornua</span> <span class='ocrx_word' id='word_1_190' title='bbox 856 2022 972 2062; x_wconf 88' lang='lat' dir='ltr'>voltu</span> 
     </span>
     <span class='ocr_line' id='line_1_33' title="bbox 37 2082 1037 2138; baseline 0 -14"><span class='ocrx_word' id='word_1_191' title='bbox 37 2082 259 2133; x_wconf 82' lang='lat' dir='ltr'>Eridanus,</span> <span class='ocrx_word' id='word_1_192' title='bbox 285 2097 367 2137; x_wconf 89' lang='lat' dir='ltr'>quo</span> <span class='ocrx_word' id='word_1_193' title='bbox 392 2097 476 2124; x_wconf 87' lang='lat' dir='ltr'>non</span> <span class='ocrx_word' id='word_1_194' title='bbox 502 2083 605 2124; x_wconf 88' lang='lat' dir='ltr'>alius</span> <span class='ocrx_word' id='word_1_195' title='bbox 630 2098 704 2138; x_wconf 87' lang='lat' dir='ltr'>per</span> <span class='ocrx_word' id='word_1_196' title='bbox 728 2084 902 2138; x_wconf 89' lang='lat' dir='ltr'>pinguia</span> <span class='ocrx_word' id='word_1_197' title='bbox 926 2084 1037 2125; x_wconf 89' lang='lat' dir='ltr'>culta</span> 
     </span>
    </p>

    <p class='ocr_par' dir='ltr' id='par_1_11' title="bbox 37 2145 1177 2449">
     <span class='ocr_line' id='line_1_34' title="bbox 37 2145 1068 2200; baseline 0.002 -14"><span class='ocrx_word' id='word_1_198' title='bbox 37 2146 79 2187; x_wconf 93' lang='lat' dir='ltr'>in</span> <span class='ocrx_word' id='word_1_199' title='bbox 102 2161 216 2186; x_wconf 91' lang='lat' dir='ltr'>mare</span> <span class='ocrx_word' id='word_1_200' title='bbox 240 2161 497 2200; x_wconf 88' lang='lat' dir='ltr'>purpureum</span> <span class='ocrx_word' id='word_1_201' title='bbox 522 2145 741 2187; x_wconf 88' lang='lat' dir='ltr'>violentior</span> <span class='ocrx_word' id='word_1_202' title='bbox 765 2146 898 2187; x_wconf 84' lang='lat' dir='ltr'>effluit</span> <span class='ocrx_word' id='word_1_203' title='bbox 923 2146 1068 2188; x_wconf 89' lang='lat' dir='ltr'>amnis.</span> 
     </span>
     <span class='ocr_line' id='line_1_35' title="bbox 37 2207 1177 2263; baseline 0.003 -15"><span class='ocrx_word' id='word_1_204' title='bbox 37 2215 256 2263; x_wconf 90' lang='lat' dir='ltr'>postquam</span> <span class='ocrx_word' id='word_1_205' title='bbox 282 2215 343 2249; x_wconf 88' lang='lat' dir='ltr'>est</span> <span class='ocrx_word' id='word_1_206' title='bbox 366 2208 409 2249; x_wconf 90' lang='lat' dir='ltr'>in</span> <span class='ocrx_word' id='word_1_207' title='bbox 434 2207 605 2249; x_wconf 85' lang='lat' dir='ltr'>thalami</span> <span class='ocrx_word' id='word_1_208' title='bbox 629 2208 854 2262; x_wconf 87' lang='lat' dir='ltr'>pendentia</span> <span class='ocrx_word' id='word_1_209' title='bbox 878 2209 1043 2263; x_wconf 90' lang='lat' dir='ltr'>pumice</span> <span class='ocrx_word' id='word_1_210' title='bbox 1068 2216 1177 2251; x_wconf 87' lang='lat' dir='ltr'>tecta</span> 
     </span>
     <span class='ocr_line' id='line_1_36' title="bbox 37 2270 980 2325; baseline 0.002 -15"><span class='ocrx_word' id='word_1_211' title='bbox 37 2276 281 2325; x_wconf 89' lang='lat' dir='ltr'>perventum</span> <span class='ocrx_word' id='word_1_212' title='bbox 307 2277 348 2311; x_wconf 88' lang='lat' dir='ltr'>et</span> <span class='ocrx_word' id='word_1_213' title='bbox 370 2270 458 2311; x_wconf 91' lang='lat' dir='ltr'>nati</span> <span class='ocrx_word' id='word_1_214' title='bbox 482 2270 602 2311; x_wconf 91' lang='lat' dir='ltr'>fletus</span> <span class='ocrx_word' id='word_1_215' title='bbox 629 2270 824 2325; x_wconf 86' lang='lat' dir='ltr'>cognovit</span> <span class='ocrx_word' id='word_1_216' title='bbox 847 2270 980 2312; x_wconf 88' lang='lat' dir='ltr'>inanis</span> 
     </span>
     <span class='ocr_line' id='line_1_37' title="bbox 40 2331 1081 2386; baseline 0.003 -14"><span class='ocrx_word' id='word_1_217' title='bbox 40 2331 217 2386; x_wconf 85' lang='lat' dir='ltr'>Cyrene,</span> <span class='ocrx_word' id='word_1_218' title='bbox 242 2332 434 2373; x_wconf 83' lang='lat' dir='ltr'>manibus</span> <span class='ocrx_word' id='word_1_219' title='bbox 457 2332 638 2386; x_wconf 82' lang='lat' dir='ltr'>liquidos</span> <span class='ocrx_word' id='word_1_220' title='bbox 663 2332 763 2373; x_wconf 83' lang='lat' dir='ltr'>dant</span> <span class='ocrx_word' id='word_1_221' title='bbox 788 2333 930 2375; x_wconf 88' lang='lat' dir='ltr'>ordine</span> <span class='ocrx_word' id='word_1_222' title='bbox 955 2333 1081 2375; x_wconf 87' lang='lat' dir='ltr'>fontis</span> 
     </span>
     <span class='ocr_line' id='line_1_38' title="bbox 39 2394 1029 2449; baseline 0.003 -15"><span class='ocrx_word' id='word_1_223' title='bbox 39 2409 261 2449; x_wconf 88' lang='lat' dir='ltr'>germanae</span> <span class='ocrx_word' id='word_1_224' title='bbox 286 2394 499 2449; x_wconf 85' lang='lat' dir='ltr'>tonsisque</span> <span class='ocrx_word' id='word_1_225' title='bbox 524 2394 663 2436; x_wconf 87' lang='lat' dir='ltr'>ferunt</span> <span class='ocrx_word' id='word_1_226' title='bbox 688 2395 884 2437; x_wconf 88' lang='lat' dir='ltr'>mantelia</span> <span class='ocrx_word' id='word_1_227' title='bbox 908 2396 1029 2445; x_wconf 90' lang='lat' dir='ltr'>villis,</span> 
     </span>
    </p>

    <p class='ocr_par' dir='ltr' id='par_1_12' title="bbox 38 2456 1122 2574">
     <span class='ocr_line' id='line_1_39' title="bbox 38 2456 1122 2513; baseline 0.004 -17"><span class='ocrx_word' id='word_1_228' title='bbox 38 2471 132 2511; x_wconf 87' lang='lat' dir='ltr'>pars</span> <span class='ocrx_word' id='word_1_229' title='bbox 160 2456 292 2511; x_wconf 87' lang='lat' dir='ltr'>epulis</span> <span class='ocrx_word' id='word_1_230' title='bbox 318 2465 491 2498; x_wconf 86' lang='lat' dir='ltr'>onerant</span> <span class='ocrx_word' id='word_1_231' title='bbox 514 2472 680 2499; x_wconf 88' lang='lat' dir='ltr'>mensas</span> <span class='ocrx_word' id='word_1_232' title='bbox 706 2465 745 2499; x_wconf 90' lang='lat' dir='ltr'>et</span> <span class='ocrx_word' id='word_1_233' title='bbox 769 2458 892 2513; x_wconf 89' lang='lat' dir='ltr'>plena</span> <span class='ocrx_word' id='word_1_234' title='bbox 915 2466 1122 2513; x_wconf 84' lang='lat' dir='ltr'>reponunt</span> 
     </span>
     <span class='ocr_line' id='line_1_40' title="bbox 38 2518 1057 2574; baseline 0.003 -16"><span class='ocrx_word' id='word_1_235' title='bbox 38 2518 202 2573; x_wconf 87' lang='lat' dir='ltr'>pocula,</span> <span class='ocrx_word' id='word_1_236' title='bbox 226 2518 460 2560; x_wconf 89' lang='lat' dir='ltr'>Panchaeis</span> <span class='ocrx_word' id='word_1_237' title='bbox 486 2519 731 2561; x_wconf 87' lang='lat' dir='ltr'>adolescunt</span> <span class='ocrx_word' id='word_1_238' title='bbox 754 2519 922 2574; x_wconf 88' lang='lat' dir='ltr'>ignibus</span> <span class='ocrx_word' id='word_1_239' title='bbox 948 2535 1057 2571; x_wconf 88' lang='lat' dir='ltr'>arae,</span> 
     </span>
    </p>

    <p class='ocr_par' dir='ltr' id='par_1_13' title="bbox 40 2581 1027 2636">
     <span class='ocr_line' id='line_1_41' title="bbox 40 2581 1027 2636; baseline 0.003 -15"><span class='ocrx_word' id='word_1_240' title='bbox 40 2588 80 2622; x_wconf 85' lang='lat' dir='ltr'>et</span> <span class='ocrx_word' id='word_1_241' title='bbox 103 2587 235 2622; x_wconf 82' lang='lat' dir='ltr'>mater</span> <span class='ocrx_word' id='word_1_242' title='bbox 260 2585 381 2636; x_wconf 89' lang='lat' dir='ltr'>‘cape</span> <span class='ocrx_word' id='word_1_243' title='bbox 405 2581 593 2623; x_wconf 89' lang='lat' dir='ltr'>Maeonii</span> <span class='ocrx_word' id='word_1_244' title='bbox 619 2582 828 2623; x_wconf 87' lang='lat' dir='ltr'>carchesia</span> <span class='ocrx_word' id='word_1_245' title='bbox 853 2583 1027 2624; x_wconf 88' lang='lat' dir='ltr'>Bacchi:</span> 
     </span>
    </p>
   </div>
   <div class='ocr_carea' id='block_1_6' title="bbox 40 2641 1160 2745">
    <p class='ocr_par' dir='ltr' id='par_1_14' title="bbox 40 2641 1160 2745">
     <span class='ocr_line' id='line_1_42' title="bbox 40 2641 1011 2701; baseline 0.004 -18"><span class='ocrx_word' id='word_1_246' title='bbox 40 2641 212 2684; x_wconf 89' lang='lat' dir='ltr'>Oceano</span> <span class='ocrx_word' id='word_1_247' title='bbox 237 2643 431 2684; x_wconf 91' lang='lat' dir='ltr'>libemus’</span> <span class='ocrx_word' id='word_1_248' title='bbox 457 2644 531 2686; x_wconf 87' lang='lat' dir='ltr'>ait:</span> <span class='ocrx_word' id='word_1_249' title='bbox 558 2644 680 2685; x_wconf 90' lang='lat' dir='ltr'>simul</span> <span class='ocrx_word' id='word_1_250' title='bbox 704 2645 795 2700; x_wconf 87' lang='lat' dir='ltr'>ipsa</span> <span class='ocrx_word' id='word_1_251' title='bbox 818 2652 1011 2701; x_wconf 89' lang='lat' dir='ltr'>precatur</span> 
     </span>
     <span class='ocr_line' id='line_1_43' title="bbox 110 2709 1160 2745; baseline 0.009 -11"><span class='ocrx_word' id='word_1_252' title='bbox 110 2709 238 2743; x_wconf 75' lang='lat' dir='ltr'>Veryz&#39;lius</span> <span class='ocrx_word' id='word_1_253' title='bbox 250 2711 290 2737; x_wconf 79' lang='lat' dir='ltr'>cd.</span> <span class='ocrx_word' id='word_1_254' title='bbox 308 2711 393 2740; x_wconf 73' lang='grc' dir='ltr'><em>ἸῚιὶῐο.</em></span> <span class='ocrx_word' id='word_1_255' title='bbox 1140 2712 1160 2745; x_wconf 90' lang='grc'>6</span> 
     </span>
    </p>
   </div>
   <div class='ocr_carea' id='block_1_7' title="bbox 1338 160 1389 204">
    <p class='ocr_par' dir='ltr' id='par_1_15' title="bbox 1338 160 1389 204">
     <span class='ocr_line' id='line_1_44' title="bbox 1338 160 1389 204; baseline -0.02 0"><span class='ocrx_word' id='word_1_256' title='bbox 1338 160 1389 204; x_wconf 85' lang='grc'>81</span> 
     </span>
    </p>
   </div>
   <div class='ocr_carea' id='block_1_8' title="bbox 1416 469 1480 500">
    <p class='ocr_par' dir='ltr' id='par_1_16' title="bbox 1416 469 1480 500">
     <span class='ocr_line' id='line_1_45' title="bbox 1416 469 1480 500; baseline 0.016 -1"><span class='ocrx_word' id='word_1_257' title='bbox 1416 469 1480 500; x_wconf 89' lang='grc'>345</span> 
     </span>
    </p>
   </div>
   <div class='ocr_carea' id='block_1_9' title="bbox 1415 781 1480 812">
    <p class='ocr_par' dir='ltr' id='par_1_17' title="bbox 1415 781 1480 812">
     <span class='ocr_line' id='line_1_46' title="bbox 1415 781 1480 812; baseline 0.015 -1"><span class='ocrx_word' id='word_1_258' title='bbox 1415 781 1480 812; x_wconf 85' lang='grc'>350</span> 
     </span>
    </p>
   </div>
   <div class='ocr_carea' id='block_1_10' title="bbox 1413 1092 1476 1123">
    <p class='ocr_par' dir='ltr' id='par_1_18' title="bbox 1413 1092 1476 1123">
     <span class='ocr_line' id='line_1_47' title="bbox 1413 1092 1476 1123; baseline 0.016 -1"><span class='ocrx_word' id='word_1_259' title='bbox 1413 1092 1476 1123; x_wconf 84' lang='grc'>355</span> 
     </span>
    </p>
   </div>
   <div class='ocr_carea' id='block_1_11' title="bbox 1412 1404 1476 1435">
    <p class='ocr_par' dir='ltr' id='par_1_19' title="bbox 1412 1404 1476 1435">
     <span class='ocr_line' id='line_1_48' title="bbox 1412 1404 1476 1435; baseline 0.016 -1"><span class='ocrx_word' id='word_1_260' title='bbox 1412 1404 1476 1435; x_wconf 89' lang='grc'>360</span> 
     </span>
    </p>
   </div>
   <div class='ocr_carea' id='block_1_12' title="bbox 1411 1717 1474 1748">
    <p class='ocr_par' dir='ltr' id='par_1_20' title="bbox 1411 1717 1474 1748">
     <span class='ocr_line' id='line_1_49' title="bbox 1411 1717 1474 1748; baseline 0.016 -1"><span class='ocrx_word' id='word_1_261' title='bbox 1411 1717 1474 1748; x_wconf 87' lang='grc'>365</span> 
     </span>
    </p>
   </div>
   <div class='ocr_carea' id='block_1_13' title="bbox 1410 1904 1475 2061">
    <p class='ocr_par' dir='ltr' id='par_1_21' title="bbox 1410 1904 1475 2061">
     <span class='ocr_line' id='line_1_50' title="bbox 1411 1904 1474 1934; baseline 0 0"><span class='ocrx_word' id='word_1_262' title='bbox 1411 1904 1474 1934; x_wconf 86' lang='grc'>369</span> 
     </span>
     <span class='ocr_line' id='line_1_51' title="bbox 1411 1967 1475 1997; baseline 0.016 -1"><span class='ocrx_word' id='word_1_263' title='bbox 1411 1967 1475 1997; x_wconf 83' lang='grc'>368</span> 
     </span>
     <span class='ocr_line' id='line_1_52' title="bbox 1410 2031 1475 2061; baseline 0.015 -1"><span class='ocrx_word' id='word_1_264' title='bbox 1410 2031 1475 2061; x_wconf 86' lang='grc'>370</span> 
     </span>
    </p>
   </div>
   <div class='ocr_carea' id='block_1_14' title="bbox 1411 2343 1474 2373">
    <p class='ocr_par' dir='ltr' id='par_1_22' title="bbox 1411 2343 1474 2373">
     <span class='ocr_line' id='line_1_53' title="bbox 1411 2343 1474 2373; baseline 0 0"><span class='ocrx_word' id='word_1_265' title='bbox 1411 2343 1474 2373; x_wconf 86' lang='grc'>375</span> 
     </span>
    </p>
   </div>
   <div class='ocr_carea' id='block_1_15' title="bbox 1411 2654 1476 2685">
    <p class='ocr_par' dir='ltr' id='par_1_23' title="bbox 1411 2654 1476 2685">
     <span class='ocr_line' id='line_1_54' title="bbox 1411 2654 1476 2685; baseline 0.015 -1"><span class='ocrx_word' id='word_1_266' title='bbox 1411 2654 1476 2685; x_wconf 80' lang='lat'>380</span> 
     </span>
    </p>
   </div>
  </div>
 </body>
</html>
