1628 2847
219 102 303 146 350
719 109 1069 148 CATALEPTON.

174 229 193 259 5
219 216 285 259 cui
310 216 451 259 iuveni
476 223 571 258 ante
596 216 696 258 alios
722 216 807 258 divi
832 216 1058 270 divumque
1083 232 1244 259 sorores

277 286 438 329 cuncta,
464 294 599 333 neque
624 279 809 333 indign0‚
834 279 975 328 Musa,
1001 279 1152 322 dedere
1176 281 1299 330 bona,

220 347 382 391 cuncta,
414 342 566 396 quibus
592 342 748 397 gaudet
771 341 933 382 Phoebi
965 341 1114 383 chorus
1145 343 1317 397 ipseque
1341 343 1563 385 Phoebus?

275 405 434 446 doctior
458 419 481 445 0
506 404 599 458 quis
624 411 677 454 te,
702 404 843 452 Musa,
870 403 998 445 fuisse
1023 406 1182 458 potest?

219 482 242 509 o
267 467 360 521 quis
386 475 425 509 te
450 466 492 508 in
518 466 634 508 terris
660 466 842 520 loquitur
865 466 1084 508 iucundior
1108 468 1217 509 uno?

153 542 192 572 10
275 529 368 571 Clio
394 537 478 570 tam
504 536 615 570 certe
640 529 816 570 candida
840 543 922 569 non
947 529 1140 582 loquitur.

216 607 345 647 quare
370 592 472 633 illud
497 592 595 633 satis
622 598 696 641 est,
723 592 755 632 si
781 598 820 632 te
845 591 1048 646 permittis
1073 592 1219 641 amari;

275 670 372 697 nam
397 669 536 705 causa,
562 661 609 696 ut
632 654 684 696 sit
708 669 823 696 amor
847 661 1031 704 mutum,
1056 655 1167 696 unde
1191 654 1318 697 mihi?

788 779 830 822 V
855 778 991 831 (VII.)

385 864 449 906 Ite
474 863 584 912 hinc,
610 864 768 913 inanes,
794 863 864 912 ite,
889 863 1103 906 rhetorum
1128 864 1350 919 ampullae,

328 927 471 969 inflata
494 926 618 968 rhoso
643 941 726 968 non
753 925 939 968 Achaico
965 926 1106 975 verba,

329 998 370 1033 et
393 1005 481 1039 vos,
508 989 677 1044 Selique
702 989 976 1043 Tarquitique
1001 990 1233 1043 varroque,

328 1053 641 1095 scolasticorum
665 1051 777 1093 natio
802 1052 975 1094 madens
1000 1051 1160 1107 pingui,

171 1128 190 1158 5
328 1116 384 1158 ite
408 1115 518 1165 hinc,
544 1115 668 1156 inane
693 1115 916 1170 cymbalon
940 1115 1180 1156 iuventutis.

328 1185 470 1232 tuque,
496 1192 520 1218 o
546 1192 733 1218 mearum
759 1192 870 1227 cura,
899 1176 1042 1226 Sexte,
1069 1191 1262 1218 curarum

327 1242 433 1291 vale,
461 1239 616 1282 Sabine
626 1256 635 1289 3
661 1240 744 1281 iam
769 1240 917 1289 valete,
943 1239 1126 1282 formosi.

328 1318 404 1345 nos
429 1303 483 1344 ad
507 1303 651 1344 beatos
677 1303 770 1344 vela
794 1302 995 1344 mittimus
1021 1310 1177 1357 portus,

327 1365 468 1421 magni
494 1372 682 1421 petentes
709 1364 831 1406 docta
856 1365 966 1406 dicta
992 1363 1165 1414 Sironis,

150 1442 190 1472 10
327 1428 540 1482 vitamque
565 1428 618 1468 ab
645 1427 757 1468 omni
783 1427 1088 1469 vindicabimus
1114 1442 1224 1470 cura.

326 1491 382 1532 ite
407 1491 516 1539 hinc,
544 1488 770 1538 Camenae,
796 1505 870 1531 vos
895 1504 1062 1543 quoque
1086 1490 1143 1532 ite
1168 1490 1251 1531 iam
1277 1505 1389 1540 sane,

328 1554 470 1595 dulces
498 1552 709 1594 Camenae
735 1554 848 1604 (nam
872 1552 1097 1594 fatebimur
1122 1567 1282 1602 verum,

330 1616 471 1657 dulces
497 1615 670 1669 fuistis);
697 1622 737 1656 et
761 1622 901 1656 tamen
925 1630 1041 1656 meas
1067 1614 1229 1657 chartas

328 1678 552 1727 revisitote‚
578 1678 651 1720 sed
676 1677 880 1733 pudenter
904 1684 945 1720 et
968 1691 1075 1719 raro.

815 1798 880 1841 VI
904 1798 1021 1852 (ΠΙ.)

386 1883 528 1932 Socer,
553 1884 675 1925 beate
699 1898 777 1925 nec
802 1883 876 1924 tibi
900 1898 977 1924 nec
1002 1883 1132 1931 alteri,

329 1961 540 2003 generque
565 1946 786 1995 Noctuine,
812 1946 1004 2001 putidum
1029 1952 1167 2001 caput,

329 2017 455 2051 tuone
478 2024 591 2051 nunc
615 2010 755 2064 puella
779 2010 871 2050 talis
897 2016 937 2050 et
961 2016 1032 2050 tuo

330 2080 499 2128 stupore
523 2087 667 2127 pressa
690 2087 761 2113 rus
786 2071 944 2113 abibit?
969 2071 1006 2113 ei
1030 2071 1144 2120 mihi,

173 2149 192 2179 5
329 2143 376 2178 ut
399 2136 466 2177 ille
492 2150 635 2176 versus
659 2149 962 2189 usquequaque
987 2135 1183 2190 pertinet:

332 2203 479 2254 ‘gener
503 2212 716 2252 socerque,
743 2197 979 2252 perdidistis
1005 2196 1171 2237 omnia.'

774 2321 862 2364 vn
887 2320 1005 2374 (IX.)

332 2408 501 2451 Scilicet
524 2407 603 2449 hoc
628 2407 716 2448 sine
741 2406 901 2456 fraude,
927 2405 1031 2449 Vari
1056 2405 1303 2456 dulcissime,
1331 2404 1487 2448 dicam:

388 2471 634 2526 dispeream,
660 2469 737 2511 nisi
763 2485 828 2511 me
854 2469 1033 2524 perdidit
1056 2469 1133 2510 iste
1157 2476 1297 2524 putus.

334 2534 396 2576 sin
422 2541 559 2575 autem
586 2540 808 2588 praecepta
833 2539 974 2574 vetant
997 2547 1062 2572 me
1089 2531 1238 2580 dicere,
1265 2545 1363 2572 sane

390 2611 472 2637 non
499 2596 648 2645 dicam,
675 2596 747 2636 sed
772 2610 838 2636 mc
864 2594 1041 2650 perdidit
1066 2594 1142 2635 iste
1166 2607 1279 2649 puer.
